4092 5675
511 770 554 851 4⁶
774 772 777 778 ·
849 742 1222 833 Annornrrons‘s

510 934 573 1027 'git
618 939 694 1003 Hoc
709 936 795 1002 enim
815 936 875 1003 sibi
890 937 958 1003 vult
971 936 1164 1017 Alexander,
1178 937 1365 1003 Narcissum
1380 939 1412 1003 in
1429 942 1551 1009 oratio·

511 1025 607 1089 nibus
632 1024 797 1102 duntaxat,
822 1046 886 1088 non
913 1024 944 1087 in
971 1023 1097 1109 reliquo
1123 1024 1297 1110 episcopali
1320 1047 1465 1105 munere,
1488 1027 1551 1094 sibi

511 1109 671 1196 collegam
686 1109 794 1173 fuisse.
837 1109 1000 1197 Quocirca
1018 1110 1117 1188 addit,
1133 1109 1272 1173 eundem
1288 1111 1475 1175 Narcissum
1491 1134 1551 1177 van-

508 1217 572 1260 nos
586 1208 715 1259 centum
731 1216 769 1259 ac
784 1194 921 1259 sedecim
937 1207 1048 1259 natum
1071 1216 1150 1259 esse.
1194 1196 1243 1260 Ex
1265 1193 1381 1281 quibus
1401 1200 1549 1298 apparet,

508 1280 730 1346 ‘Alexandrum
750 1302 815 1345 non
840 1294 906 1345 tam
927 1279 1110 1366 adjutorem
1131 1302 1228 1379 quarn
1249 1280 1435 1380 episcopum
1453 1305 1485 1346 rn
1500 1283 1549 1348 lo·

511 1387 587 1430 cum
601 1365 756 1446 Narcissi,
770 1381 806 1431 ut
821 1380 898 1451 pote
912 1366 982 1454 jam
1001 1365 1166 1451 decrepiti,
1183 1366 1303 1429 factum
1320 1367 1437 1431 fuisse:
1459 1369 1549 1433 Nar-

509 1452 630 1516 cissum
653 1474 726 1516 vero
748 1451 869 1516 nudum
893 1473 1048 1516 nomene
1072 1449 1174 1536 iscopi
1188 1464 1284 1537 atque
1299 1450 1454 1516 honorem
1470 1454 1550 1519 reti·

510 1537 629 1602 nuisse.
650 1538 858 1602 Vntssrus.
901 1537 967 1625 Qui
989 1473 1087 1622 paulo
1106 1558 1202 1623 supra
1216 1536 1285 1600 haec
1300 1558 1430 1622 quoque
1445 1538 1562 1603 adno·r
1589 1603 1590 1606 ,

510 1636 641 1688 taverat.
678 1630 700 1663 “
713 1625 932 1710 Hieronymus
949 1623 979 1685 in
997 1621 1159 1707 Catalogo
1173 1636 1206 1685 et
1220 1621 1426 1707 Nicephorus
1441 1622 1548 1709 ipsum

509 1715 533 1748 “
549 1731 679 1796 quoqne
697 1709 885 1772 Narcissum
905 1706 980 1772 huic
996 1708 1041 1771 rei
1055 1707 1255 1771 consensisse
1270 1708 1435 1772 scribunt:
1459 1711 1549 1794 quod

491 1799 533 1876 ‚“
547 1795 660 1879 procul
675 1793 774 1859 dubio
788 1816 897 1858 verum
914 1809 974 1858 est.
1018 1786 1122 1857 Invito
1137 1793 1223 1857 enim
1243 1792 1395 1879 episcopo
1417 1793 1550 1882 adjutor

509 1883 533 1918 “
548 1878 616 1943 dari
635 1901 699 1943 non
720 1891 837 1964 potest.
872 1881 970 1943 Porro
984 1878 1017 1942 in
1033 1878 1094 1942 hac
1108 1877 1282 1942 Alexandri
1296 1878 1464 1957 electione,
1481 1880 1548 1946 duo
1599 1957 1602 1963 ¹

508 1970 532 2003 “
547 1977 660 2029 contra
677 1964 923 2028 ecclesiasticam
941 1964 1087 2050 regulam
1106 1964 1244 2029 admissa
1265 1979 1351 2028 sunt.
1392 1966 1547 2047 Primum,

509 2055 532 2089 “
547 2048 637 2135 quod
650 2051 692 2113 ab
707 2073 773 2114 uno
786 2051 974 2137 episcopatu
992 2050 1177 2114 Alexander
1195 2049 1235 2114 ad
1256 2049 1354 2113 alium
1375 2051 1547 2117 translatus

508 2141 532 2175 “
546 2147 606 2199 est.
629 2135 791 2213 Alterum,
801 2136 889 2222 quod
902 2158 939 2200 su
962 2135 1065 2199 erstiti
1074 2136 1227 2222 episcopo
1237 2134 1367 2221 adjutor
1377 2149 1410 2201 ‘et
1421 2138 1547 2224 coepis-

507 2227 532 2261 “
544 2231 646 2307 copus
660 2235 709 2285 θεῖ
722 2220 904 2309 adjunctus.
929 2158 1041 2308 Atque
1056 2220 1119 2285 hoc
1135 2221 1274 2307 primum
1289 2221 1475 2307 exemplum
1489 2246 1547 2288 oc·

508 2313 531 2346 “
546 2307 646 2372 currit
660 2306 885 2395 coadjutorum
899 2307 1136 2393 episcoporum.
1159 2307 1259 2394 Quod
1275 2306 1350 2371 licet
1365 2322 1478 2393 postea
1492 2332 1546 2374 ve·

507 2393 641 2458 “titum
657 2394 753 2458 fuerit
773 2394 806 2457 in
829 2393 977 2458 Concilio
999 2392 1189 2470 Sardicensi,
1210 2393 1242 2456 ni
1260 2391 1364 2471 fallor,
1382 2392 1545 2459 nihilomi-

506 2482 531 2518 “
545 2499 605 2542 nus
620 2478 793 2543 identidem
809 2478 842 2542 in
856 2479 992 2543 ecclesia
1006 2492 1195 2564 usurpatum
1211 2478 1294 2541 est.’'
1321 2480 1372 2543 lta
1386 2479 1547 2547 Valesius,

507 2563 671 2627 Memoria
686 2586 816 2649 quoque
832 2564 1006 2627 tenendum
1024 2577 1085 2641 est,
1102 2578 1171 2626 tum
1190 2576 1322 2648 propter
1338 2566 1545 2631 revelationes

507 2648 658 2713 divinitus
684 2648 796 2712 missas
822 2649 893 2712 haec
917 2660 1011 2733 gesta
1037 2648 1146 2725 fuisse,
1170 2663 1239 2712 tum
1263 2648 1308 2713 rei
1330 2653 1546 2718 communiter

507 2734 698 2818 suffragatos
713 2734 809 2798 fuisse
823 2734 995 2797 vicinarum
1017 2732 1223 2806 ecclesiarum
1244 2734 1423 2821 episcopos.
1470 2737 1545 2802 Cae'·

506 2832 611 2886 terum
627 2818 667 2884 de
681 2842 743 2884 usu
756 2824 793 2882 τὲ
808 2819 1047 2902 σονεξεταζόμενος
1061 2818 1283 2883 adnumeratus
1296 2821 1396 2885 lexica
1411 2829 1534 2910 agunt.¹

510 2926 517 2984 ζ
550 2908 584 2970 Ρ.
597 2921 647 2970 40.
663 2905 686 2969 l.
701 2920 747 2969 13.
770 2905 867 2987 ὁμοίως
881 2907 939 2987 ἐμοὶ
953 2907 1157 2992 imperinm]
1171 2905 1231 2968 Ed.
1246 2907 1358 2992 Steph.
1372 2910 1470 2989 ὁμοίως
1484 2912 1544 2993 ἐμοὶ

505 2997 646 3075 ponium.
685 2993 722 3054 ln
742 2992 855 3055 codice
875 2991 965 3054 Med.
987 3013 1024 3054 ac
1047 2993 1137 3055 Maz.
1152 2991 1282 3068 etFuk.
1297 3005 1330 3055 θῖ
1344 2995 1430 3080 apud
1445 2997 1546 3061 Nice-

505 3019 645 3162 plrorum
665 3077 813 3141 scribitur
831 3076 928 3160 ὁμοίως
946 3079 1004 3157 ἐμοὶ
1021 3081 1210 3162 ὃμοφρονῆοαν,
1224 3078 1341 3141 rectius
1356 3081 1470 3164 procul
1484 3081 1545 3146 du·

506 3163 573 3242 bio,
582 3176 623 3228 'ut
632 3185 672 3227 ex
686 3162 790 3226 Rufini
805 3177 838 3226 et
854 3162 1045 3249 Hieronymi
1061 3162 1322 3248 interpretatione
1334 3167 1543 3232 convincitur.

503 3247 735 3315 chssrsus
759 3249 845 3313 Cum
862 3247 975 3313 Volesii
985 3247 1094 3313 Motis
1105 3249 1310 3313 consentiunt
1324 3249 1436 3314 codices
1448 3252 1542 3316 Bodl.

502 3356 566 3400 scu
579 3334 676 3400 Sonil.
693 3347 726 3399 et
740 3335 882 3422 Norfolc.
916 3336 955 3398 ln
969 3334 1032 3399 hoc
1047 3350 1157 3400 autem
1171 3335 1341 3421 posteriori
1355 3335 1453 3401 codice
1464 3339 1543 3403 scri·

503 3421 592 3486 bitur
605 3426 771 3505 παρακαλῶ
787 3443 845 3506 pro
859 3427 1051 3507 παρακαλῶν.
1536 3429 1544 3454 ’“

533 3506 633 3570 ibid.
649 3507 670 3569 l.
682 3521 733 3569 20.
755 3512 843 3570 Τοῦτο
864 3510 922 3591 γὰρ
945 3508 992 3568 καὶ
1012 3505 1125 3586 θέλημα
1145 3508 1233 3590 Θεοῦ]
1259 3507 1429 3586 EusebiuS,
1452 3523 1542 3596 post-

503 3605 601 3678 quam
619 3591 796 3655 Clementis
811 3591 905 3655 Alex.
920 3590 1027 3676 aliqua
1050 3591 1207 3671 excitavit,
1228 3592 1297 3655 haec
1321 3593 1385 3673 ait;
1407 3601 1541 3677 Τοσαῦτα

504 3683 517 3741 ὀ
539 3677 667 3760 Κλήμης.
696 3677 790 3740 πάλιν
805 3678 856 3754 δ’ὁ
871 3679 1000 3755 δολωθεὶς
1019 3677 1211 3762 Ἀλέξανδρος,
1226 3685 1273 3741 τοῦ
1292 3679 1464 3761 Κλήμεντος,
1479 3681 1541 3763 ἅμα
1572 3753 1574 3758 Ι

502 3764 530 3826 di
546 3764 593 3825 nal
609 3769 657 3826 τοῦ
672 3761 831 3826 Herculeos
848 3761 873 3824 ἕν
886 3788 938 3825 τννν
952 3763 1017 3846 πρὸς
1032 3761 1178 3848 Ὠςνγένην
1199 3768 1310 3848 ἐπιςολῇ
1324 3767 1490 3846 μνημονεύει,
1505 3770 1540 3840 ὥς

502 3851 532 3928 δὴ
544 3848 686 3934 γνωρῐμονν
698 3851 773 3933 αὐτῷ
784 3841 935 3933 γενομένων
945 3853 999 3909 τῶν
1010 3850 1119 3934 ἀνδρῶν.
1141 3851 1241 3932 γράφει
1255 3851 1281 3911 δὲ
1299 3845 1379 3924 ἔτεος·
1400 3855 1541 3916 ΤΟὟΊῸ

500 3939 559 4019 γὰρ
581 3936 628 3997 καὶ
648 3932 762 4016 θέλημα
782 3939 845 3998 Θεὲ
867 3934 926 3997 &c
969 3933 1294 3998 Hactenus-Clemens.
1326 3938 1422 4000 Porro
1438 3936 1539 4001 Alex-

502 4019 598 4082 ander
617 4020 645 4082 is
662 4019 699 4083 de
720 4042 777 4105 quo
797 4019 935 4104 superius
955 4019 1103 4096 diximus,
1120 4019 1151 4082 ν’νι
1167 4020 1301 4106 quadum
1316 4022 1359 4084 od
1375 4021 1539 4119 Origenem

501 4102 642 4190 epistola,
659 4104 826 4169 Clementis
838 4103 934 4170 simul
949 4126 986 4168 ue
1000 4105 1147 4169 Pantoenz‘
1162 4116 1311 4192 tanquam
1319 4107 1539 4192 familiarium

501 4212 624 4254 suorum
646 4191 830 4254 mentionem
840 4190 930 4274 fucit
945 4190 993 4254 bis
1009 4189 1126 4254 verbis.-
1150 4191 1261 4254 HAEC
1286 4193 1372 4255 enim
1395 4193 1459 4257 Dei
1482 4217 1537 4258 vo-

499 4276 605 4340 luntas
629 4275 688 4338 &c.
734 4276 772 4337 In
797 4275 973 4339 Alexandri
995 4276 1098 4339 verbis
1122 4275 1232 4339 deesse
1254 4278 1302 4340 nal
1326 4291 1401 4342 ante
1424 4278 1537 4362 θέλημα

415 4434 420 4447 Ι
499 4361 586 4448 apud
601 4359 730 4445 Niceplt.
747 4362 867 4424 notavit
882 4360 1056 4424 Strothius.
1332 4363 1336 4368 ’

544 4445 628 4518 Ibid.
651 4452 667 4523 ἡ
687 4447 741 4509 ἀπὸ
763 4446 906 4532 προγόνων
926 4447 1018 4530 φιλία]
1041 4445 1177 4510 Constat
1192 4470 1231 4511 ex
1246 4449 1464 4534 sequentibus,
1479 4472 1536 4536 pn·

498 4544 621 4597 ternam
648 4532 730 4595 hanc
754 4531 927 4595 amicitiam
952 4531 1085 4617 Origeni
1105 4544 1139 4594 θῖ
1158 4534 1342 4598 Alexandro
1364 4535 1539 4601 derivatam

499 4640 519 4682 a
532 4618 676 4703 patribus
695 4616 912 4703 spiritualibus
927 4617 1026 4681 luisse
1044 4639 1215 4703 rerumque
1230 4618 1404 4684 divinarum
1421 4620 1536 4686 docto-

496 4703 596 4770 ribus.
628 4704 704 4769 Hoc
716 4714 826 4769 autem
837 4702 972 4769 fortasse
986 4716 1036 4768 est
1049 4702 1135 4770 illius
1149 4704 1292 4788 epistolae
1307 4706 1537 4792 fragmentum,
