4092 5675
524 797 577 868 ns
597 795 821 866 Armcsur
842 793 975 861 srrsr.
998 794 1065 861 Ao
1087 796 1340 865 asscensu.
1384 815 1444 871 211
1516 779 1519 789 '

410 983 597 1038 coalescant
612 970 645 1035 iu
658 968 802 1036 Danielis
816 967 967 1032 volumine
987 990 1046 1031 aaa
1069 967 1182 1033 lalai.
1226 970 1446 1060 Hieronymus

411 1058 531 1124 iterum
553 1059 677 1158 praefat.
692 1059 723 1121 in
742 1054 931 1120 Danielem:
953 1053 1050 1138 Apud
1063 1054 1211 1119 Helroeos
1225 1079 1279 1120 nec
1294 1058 1446 1123 Susanna

411 1142 505 1209 tata
528 1142 699 1222 instoriam,
722 1164 777 1205 nee
801 1140 948 1228 lyranum
972 1139 1066 1203 trium
1084 1154 1260 1224 puerorum,
1282 1165 1337 1207 nec
1358 1145 1445 1209 Belis

408 1229 568 1294 'Draconis
590 1251 628 1293 ue
635 1226 781 1314 fabulas.
826 1227 908 1290 Vide
921 1226 1041 1289 ibidem
1056 1224 1152 1310 paulo
1168 1242 1241 1311 post
1256 1230 1374 1314 quibus
1388 1253 1443 1295 ca-

410 1252 630 1380 villatiouiius
651 1335 703 1377 eas
726 1311 895 1399 perfundat
917 1312 1049 1397 quidam
1070 1309 1109 1373 de
1124 1314 1372 1398 praeceptoribus
1386 1318 1445 1380 Ju-

410 1399 570 1466 daeorum.
591 1401 747 1463 'Ducum
803 1397 1010 1461 Concordem
1036 1419 1110 1460 cum
1140 1398 1316 1462 Hoesclrelio
1339 1402 1444 1467 MSS.

410 1485 506 1550 Bodl.
532 1498 566 1549 et
596 1484 683 1549 Tria.
709 1483 901 1569 Hervetique
931 1481 1030 1546 Versia
1058 1483 1220 1546 Posterior.
1281 1483 1443 1551 Caetcrum

408 1571 571 1658 Origenes
592 1570 624 1633 in
648 1572 839 1655 Fragmento
861 1568 916 1631 illo
938 1568 994 1631 lib.
1009 1592 1039 1631 x.
1063 1568 1265 1648 Strarnatam,
1286 1572 1381 1657 quale
1402 1574 1444 1638 ab

410 1657 616 1744 Hieronymo
635 1656 811 1741 praestitum
831 1668 879 1717 est
901 1654 932 1717 in
956 1656 1071 1717 Coram.
1092 1654 1123 1716 in
1144 1656 1320 1734 Danielem,
1335 1658 1442 1729 ἒνςάσε

410 1763 479 1806 suae
493 1741 539 1808 ita
553 1740 743 1827 respondet3
768 1739 869 1803 Solvet
881 1738 984 1823 facile
1006 1740 1060 1825 qui
1082 1739 1160 1802 iane
1182 1739 1341 1805 historiam
1360 1745 1443 1827 (Beli

409 1839 444 1892 et
458 1827 631 1909 Draconis)
657 1826 688 1890 ia
711 1823 787 1889 libro
810 1824 954 1888 Danielis
974 1826 1059 1908 apud
1080 1825 1229 1888 Helroeos
1249 1826 1363 1893 dixerit
1382 1853 1444 1895 aaa

409 1911 527 1978 habai.
565 1912 601 1976 Si
622 1912 691 1999 quis
713 1922 817 1975 autern
836 1910 970 1994 putruerit
992 1910 1163 1996 approbare
1183 1933 1245 1976 esse
1264 1912 1301 1976 de
1320 1936 1444 1997 canone,

409 2007 485 2064 tuuc
498 1999 699 2086 quternrduru
713 2008 769 2074 est,
786 1996 862 2096 quid
876 1995 904 2059 ei
918 1996 1092 2080 responderi
1102 1995 1272 2061 debeamus.
1287 2021 1320 2084 p.
1328 2012 1378 2064 40.
1390 2001 1441 2066 ed.

407 2083 575 2148 Delaman
591 2083 650 2168 Op.
666 2082 818 2169 Origenes.
847 2081 922 2144 Vid.
936 2102 1034 2165 supra
1047 2082 1087 2143 ad
1101 2104 1134 2167 p.
1149 2089 1218 2145 106.

452 2169 488 2233 P.
502 2183 570 2234 113.
586 2167 605 2232 l.
622 2181 668 2233 14.
690 2172 749 2246 ἑξῆς
764 2168 844 2241 οὐδεὶς
861 2166 934 2249 Sca]
954 2166 1109 2251 Origenes
1130 2166 1162 2229 in
1186 2189 1339 2253 responso
1353 2170 1443 2237 Airi-

407 2253 480 2318 cani
493 2254 590 2319 verba
603 2254 694 2319 aliter
709 2254 826 2317 refert:
848 2260 930 2315 τῶντε
953 2253 1011 2328 ἑξῆς
1033 2253 1114 2325 οὐδεὶς
1131 2251 1218 2338 ἕτερος
1231 2254 1321 2341 ἑτέρου
1336 2256 1442 2343 κεχρη-

406 2363 455 2420 ray
471 2345 545 2428 ῥητῷ
562 2340 686 2421 νοήματι.
708 2341 855 2403 Dsusu.
899 2336 1089 2422 Legendum
1105 2352 1185 2424 puro
1200 2347 1254 2401 τῶν
1267 2343 1337 2418 ἑξῆς,
1352 2362 1444 2407 cum-

430 2445 473 2490 ue
490 2425 590 2512 vulgo
611 2427 736 2490 abesset
758 2423 856 2509 ἔτερος,
871 2421 950 2486 illud
971 2444 1101 2508 quoque
1124 2423 1306 2488 addendum
1321 2448 1391 2490 esse
1404 2450 1444 2494 ex

406 2447 545 2598 Dagene
567 2511 646 2575 mihi
671 2510 845 2574 videbatur.
881 2508 1082 2572 Wetstenius
1106 2522 1214 2572 autem
1237 2510 1444 2578 scribendum

406 2595 536 2660 monuit
556 2595 652 2682 ἑτέρων
673 2595 806 2682 niwrat
825 2595 909 2682 ῥῆτων
932 2614 989 2679 pro
1008 2597 1063 2665 iesu
1077 2593 1166 2682 ἑτέρου
1182 2597 1347 2680 κεχρήμενος
1360 2600 1444 2687 pisas,

407 2679 466 2746 sed
488 2682 617 2761 frustra,
642 2682 702 2747 etsi
724 2681 819 2745 lectio
848 2692 934 2744 extat
958 2680 992 2741 in
1021 2679 1126 2744 MStis
1150 2682 1265 2744 nostris
1292 2683 1384 2748 Bodl.
1409 2699 1444 2751 et

409 2765 489 2831 Call.
513 2766 601 2831 Tria.
628 2767 694 2830 imo
716 2766 783 2853 ipse
805 2764 851 2829 vir
871 2765 911 2829 cl.
935 2764 975 2827 ad
999 2763 1148 2851 Origenis
1169 2764 1278 2829 locum
1301 2769 1357 2847 ait,
1384 2792 1444 2839 nos

406 2853 517 2941 legere
539 2853 655 2918 debere
673 2854 743 2940 ῥῆτῳ
761 2874 821 2938 pro
845 2853 929 2937 ῥῆτων
948 2850 1036 2936 quod
1053 2851 1189 2915 habebat
1205 2853 1282 2916 MS.
1317 2855 1444 2923 Adhaec

407 2939 536 3003 linnant
550 2938 721 3003 lectionem
736 2950 896 3024 receptam
910 2937 1108 3022 interpretes,
1126 2952 1338 3024 praeterquam
1354 2945 1444 3029 quod

406 3026 575 3111 scriptum⁵
590 3024 753 3101 invenerit,
777 3036 833 3088 aut
856 3035 942 3087 certe
961 3022 1166 3086 scribendum
1189 3026 1358 3106 censuerit,
1380 3029 1443 3094 Lea

408 3109 551 3176 Castrius
565 3110 753 3197 particulam
769 3108 784 3186 ἢ
800 3123 874 3173 ante
890 3109 1013 3189 νοήματι.
1060 3109 1098 3171 ln
1110 3108 1211 3172 verbis
1225 3112 1443 3195 superioribus

405 3210 481 3261 ante
502 3220 533 3259 ar
549 3194 774 3284 οωδοιπαςητίκων
795 3193 997 3281 praefixerunt
1017 3192 1188 3256 articulum
1210 3203 1263 3256 τῶν
1283 3196 1442 3263 Hoesclrel.

405 3296 504 3371 atque
571 3280 629 3346 SS.
654 3281 763 3359 nostri,
787 3279 844 3344 sed
871 3277 930 3342 nisi
952 3290 1040 3340 totus
1065 3277 1167 3355 locus,
1193 3279 1281 3363 quod
1303 3283 1354 3346 vix
1375 3284 1442 3349 ficri

404 3380 547 3455 oportet,
563 3366 749 3453 refingatur‚
763 3364 850 3430 haud
864 3360 1036 3428 commode
1050 3370 1103 3425 τῶν
1117 3381 1332 3448 praeponetur.
1360 3367 1442 3456 ¹Cae·
1470 3376 1475 3383 '

404 3466 514 3521 terum
536 3452 631 3539 plene
657 3451 810 3516 satisfacit
831 3450 907 3514 huic
928 3446 1059 3535 quidem
1082 3447 1226 3512 Africani
1248 3469 1443 3538 argumento

405 3538 564 3627 Origenes
578 3537 717 3602 adducto
738 3559 777 3602 ex
798 3537 830 3600 S.
847 3534 1011 3621 Scriptura
1029 3533 1188 3599 consimili
1202 3535 1382 3604 alienorum
1393 3541 1441 3605 lo·

403 3646 520 3690 corum
534 3623 622 3709 apud
636 3622 809 3709 prophetas
824 3643 895 3684 usu.
1024 3675 1027 3680 .

410 3736 414 3743 ·
447 3710 483 3774 P.
497 3722 567 3773 114.
582 3708 604 3773 l.
622 3724 648 3772 1.
670 3709 784 3792 τούτων]
804 3707 908 3770 Abest
928 3706 969 3770 ab
987 3702 1145 3770 Hoesclrel.
1160 3707 1332 3794 MStisque
1348 3709 1440 3774 Bodl.

403 3806 437 3860 et
450 3792 535 3895 Duil.
550 3793 639 3860 Tria.
676 3796 714 3857 In
739 3790 954 3879 superioribus
977 3790 1078 3856 habet
1097 3817 1130 3854 σε
1151 3806 1227 3879 post
1244 3797 1440 3876 ὑπομιμνήσκει

406 3879 463 3945 Ort
523 3902 568 3945 es.

402 3988 432 4117 s
454 3904 548 4115 lli
569 3965 759 4114 t⁰⁶”‘l⁰⁴]
786 3965 862 4112 {lt
876 3962 1261 4113 strarant
1276 4061 1288 4112 r
1306 3965 1440 4119 sits

399 4072 534 4223 pulltiiil
552 4071 685 4200 Doiiliui
696 4071 814 4200 ligrsits
836 4073 942 4198 liucin.
978 4136 1028 4196 Ἐν
1047 4096 1098 4217 pir
1120 4071 1236 4210 diiii
1254 4072 1439 4224 inprises‘paii

401 4231 457 4286 τῶν
469 4223 658 4309 ἀντιγράφων,
672 4221 704 4284 ri
719 4225 794 4285 uarii
807 4218 925 4304 Μάρκον
938 4219 1103 4304 εὐαγγέλιον
1120 4219 1206 4308 μέχρι
1226 4227 1276 4300 ri,
1296 4222 1437 4305 ἐφοὸοῦπο

401 4313 473 4396 γὰρ,
488 4306 502 4332 ”
525 4336 547 4372 a
562 4307 696 4382 τὸτέλος·
719 4311 746 4369 ir
760 4304 788 4368 ii
799 4330 856 4369 τισι
871 4304 1124 4371 ΠΡΟΣΚΕΙΤΑΙ
1146 4308 1168 4390 ’i
1190 4315 1291 4371 ταῦτα·
1312 4313 1437 4384 'Aras-df

401 4394 431 4457 li
449 4420 481 4457 σ
572 4392 614 4457 sd
633 4414 735 4479 usque
755 4412 867 4455 vocem
886 4390 1021 4471 δαιμόνια,
1037 4388 1123 4475 apud
1140 4390 1289 4457 Biblioth.
1306 4394 1436 4458 Coislin.

427 4526 435 4544 .
449 4491 502 4554 74.
534 4478 599 4542 Sed
614 4482 773 4565 sponsistat
789 4474 984 4540 Hoesclelius
998 4497 1072 4540 cum
1084 4476 1186 4542 MSS.
1199 4479 1290 4541 Badl.
1306 4494 1339 4541 et
1355 4477 1436 4542 Call.

429 4563 492 4629 rin.
515 4564 557 4628 ad
578 4563 670 4650 cujus
691 4576 798 4626 tamen
818 4561 1003 4647 posterioris
1024 4560 1144 4625 codicis
1166 4585 1255 4626 oram
1277 4563 1436 4628 scribitur.

399 4647 469 4725 ἴσως
478 4653 660 4736 προσκεῒθσψ
679 4649 753 4713 Vox
764 4661 900 4733 utruque
911 4646 1013 4732 proba
1024 4658 1082 4710 est.
1107 4647 1291 4735 Hesychius
1304 4648 1387 4712 enim
1401 4649 1434 4715 in

401 4734 529 4815 Dcite,
541 4732 728 4821 llpouslprra.
742 4730 942 4819 παρακείμενα.
964 4745 997 4797 et
1011 4730 1171 4816 Ilpinuray.
1185 4733 1367 4820 cogniturus.
1395 4737 1436 4798 Et

871 4838 890 4881 P
903 4830 922 4879 2
