4092 5675
668 762 720 831 ur
742 762 974 830 sruonuu
995 761 1359 831 Anuocrrurnu.
1467 781 1531 853 50⁵

542 936 576 1001 P.
586 949 656 1002 481.
669 935 693 999 l.
702 948 732 999 4.
754 932 873 1017 ψαλμῦς
887 935 914 998 δὲ
927 932 978 1007 σῦς
988 934 1052 1018 μὲν]
1063 960 1094 997 τε
1128 956 1165 998 ro
1177 936 1204 996 δὲ
1217 932 1346 1019 Nicepd.
1362 935 1533 1001 STROTH.

496 1023 533 1098 ψ.
543 1023 593 1105 μὲν
602 1020 663 1099 rig,
673 1021 749 1085 dum
763 1021 853 1085 abest
862 1022 889 1083 δὲ
900 1043 919 1083 a
929 1018 1051 1105 Synoel.
1062 955 1127 1084 sed
1127 1021 1188 1101 μὲν,
1198 1020 1303 1086 aMS.
1314 1020 1406 1121 N0ff·
1430 1024 1534 1087 Ponas

497 1109 533 1173 in
547 1108 648 1172 dubio
664 1108 696 1172 id
713 1108 810 1172 situm
828 1128 908 1185 esse,
924 1120 1032 1170 utrum
1048 1120 1172 1170 vetusta
1186 1106 1303 1170 fuerint
1317 1122 1446 1193 scripta,
1462 1130 1535 1194 quae

499 1195 613 1259 abusu
624 1192 768 1257 ecclesiae
780 1215 845 1256 suae
858 1191 1081 1270 amandaverat
1095 1192 1229 1273 Paulus3
1245 1192 1410 1257 hominem
1427 1209 1536 1258 tamen

498 1280 659 1366 perfrictae
674 1280 787 1343 frontis
803 1300 877 1342 eum
893 1278 990 1342 fuisse
1005 1299 1134 1342 necesse
1148 1291 1208 1355 est,
1224 1278 1251 1341 si
1273 1278 1433 1344 universos
1449 1279 1536 1365 psal·

499 1387 572 1436 mos
588 1366 620 1429 in
636 1364 801 1429 Christum
824 1363 948 1428 novicio
972 1364 1100 1428 invento
1122 1364 1321 1449 compositos
1339 1364 1436 1431 fuisse
1452 1365 1538 1430 affir-

500 1452 643 1516 maverit.
688 1453 787 1514 Extat
805 1450 892 1513 enim
914 1448 1055 1538 hymnus
1069 1448 1101 1513 in
1116 1448 1273 1524 honorem
1288 1451 1366 1514 lesu
1382 1450 1504 1517 Christi
1518 1474 1539 1516 a

503 1536 671 1600 Clemente
684 1535 900 1599 Alexandrino
917 1535 1037 1599 saeculo
1052 1535 1252 1620 conscriptus
1264 1537 1417 1615 secundo,
1428 1538 1477 1602 vel
1492 1538 1541 1603 in-

501 1624 597 1688 eunte
612 1623 718 1699 terti0‚
734 1621 789 1708 qui
810 1621 851 1684 ad
869 1621 964 1685 linem
979 1620 1152 1720 Poedogogi
1166 1622 1235 1709 ejus
1253 1622 1378 1706 positus
1392 1636 1451 1687 est.
1495 1626 1540 1689 Et

501 1720 623 1794 quanta
659 1729 745 1785 orro,
758 1706 821 1770 hoc
836 1721 896 1784 est,
907 1728 1004 1792 quarn
1020 1706 1146 1792 majori,
1158 1706 1347 1792 antiquitate
1360 1708 1541 1793 gauderent

501 1792 619 1879 psalmi
634 1729 809 1879 hymnique
824 1792 855 1856 in
871 1791 1024 1856 honorem
1041 1792 1187 1869 Domini,
1204 1808 1349 1872 testatur,
1364 1809 1399 1858 ut
1415 1794 1540 1860 Plinio·

502 1901 576 1943 nom
588 1877 748 1963 epistolum
760 1892 896 1956 taceam,
910 1876 1006 1944 Parui
1016 1876 1206 1965 Labyrinthi
1216 1891 1329 1942 auctor
1341 1880 1426 1965 apud
1438 1882 1541 1948 Euse-

502 1965 593 2030 bium
608 1964 664 2028 lib.
676 1988 706 2028 v.
720 1964 808 2029 Hist.
820 1985 891 2050 cap.
903 1978 952 2029 28.
971 1964 1026 2063 qui
1045 1963 1101 2028 diu
1120 1986 1249 2050 quoque
1269 1979 1343 2029 ante
1357 1966 1442 2030 hunc
1459 1968 1543 2034 Pau-

503 2049 583 2128 lum,
603 2050 660 2113 sed
675 2063 756 2159 post
776 2049 864 2113 initia
886 2048 994 2113 saeculr
1017 2049 1103 2113 tertii
1125 2071 1208 2135 opus
1230 2071 1323 2113 suum
1347 2054 1541 2137 composuit.

503 2137 618 2216 Ψολμοὶ
634 2137 660 2198 δὲ
673 2161 742 2212 οσον,
755 2133 902 2220 inquit‚ai,
915 2136 981 2219 ᾠδαὶ
994 2137 1116 2217 ἀδελφῶν
1129 2137 1206 2197 ἈΠ’
1222 2135 1372 2201 ἈΡΧΗΣ
1385 2142 1434 2200 ὑπὸ
1449 2148 1543 2210 σνςῶν

503 2224 655 2307 γραφεῖσαν
674 2223 721 2285 τὸν
741 2220 834 2306 Λόγον
852 2228 900 2285 τοῦ
921 2224 995 2284 Θεοῦ
1015 2220 1061 2283 τὸν
1081 2219 1183 2306 Χρνςῦν
1205 2224 1317 2302 ὑμνοῦσι
1337 2226 1541 2307 θεολογοῦντες.

506 2309 569 2371 Res
585 2307 662 2371 satis
678 2306 762 2370 clara
776 2320 835 2371 est.
879 2305 1038 2370 Nonnihil
1053 2306 1173 2370 interea
1192 2305 1233 2369 ad
1252 2306 1416 2371 levandam
1432 2309 1545 2376 invidi-

505 2415 570 2470 am,
587 2415 659 2479 quae
684 2392 783 2456 Paulo
806 2391 948 2478 alioquin
971 2414 1010 2455 ex
1030 2391 1231 2456 institutione
1249 2390 1382 2456 odarum
1399 2407 1433 2457 et
1446 2416 1544 2459 enco-

505 2478 647 2543 miormn
673 2478 706 2542 in
730 2478 780 2542 sui
804 2477 813 2540 i
839 2477 903 2541 sius
928 2476 1057 2544 laudem
1078 2477 1153 2563 jure
1181 2477 1297 2541 merito
1322 2480 1460 2543 conflata
1485 2495 1546 2561 est,

506 2564 571 2629 hoc
587 2564 692 2642 faciet,
706 2563 794 2650 quod
813 2499 964 2627 insonans
985 2564 1050 2627 dici
1072 2562 1230 2648 episcopis
1244 2563 1367 2649 antiqui
1383 2566 1480 2631 moris
1494 2567 1547 2631 fu-

507 2650 581 2727 erit,
594 2663 632 2714 ut
646 2649 799 2714 discimus
820 2671 860 2712 ex
882 2649 916 2712 S.
932 2648 1125 2735 Hieronymi
1144 2650 1259 2712 conam.
1275 2649 1307 2711 in
1320 2652 1424 2715 Mott.
1440 2674 1469 2715 c.
1481 2651 1545 2717 xxi.

534 2748 603 2800 .38.
613 2735 666 2799 ed.
677 2736 812 2799 Froben.
826 2733 881 2820 qui
894 2750 1000 2799 tamen
1016 2734 1083 2817 ipse
1094 2734 1359 2798 consuetudinem
1375 2737 1416 2799 im
1443 2738 1546 2803 robat.

556 2843 596 2886 ne
611 2820 739 2909 quidem
762 2819 907 2906 praecipit
926 2818 1110 2884 Concilium
1128 2820 1348 2885 Laodicenum
1367 2821 1398 2887 in
1415 2759 1548 2889 Canono

508 2907 633 2993 penult.
654 2905 694 2970 ῦσν
717 2910 747 2970 οῦ
770 2909 809 2969 δεῖ
829 2907 975 2981 ἰδιωτικοὺς
997 2906 1129 2988 ψαλμοὺς
1149 2904 1275 2991 λέγεθαν
1294 2911 1321 2970 ἐν
1342 2933 1376 2994 σν.
1399 2909 1549 2996 ἐκκλησίᾳ,

510 2994 567 3079 qui
587 2992 619 3056 in
638 2992 703 3057 Dei
747 2991 852 3056 uidem
869 2991 1023 3055 honorem
1040 2991 1117 3058 facti
1137 2992 1211 3071 sint,
1227 2993 1450 3078 publicavero
1470 3017 1548 3062 atre·

510 3078 641 3143 toritate
662 3016 747 3142 haud
769 3078 891 3142 sanciti.
939 3078 1074 3142 Utinam
1096 3079 1230 3162 antiquo
1254 3077 1328 3142 huic
1351 3082 1466 3145 canoni
1488 3081 1550 3146 ho·

448 3184 457 3193 ·
511 3163 612 3237 diemi
628 3163 735 3228 fideles
750 3164 783 3226 in
799 3177 908 3226 nostra
923 3163 1059 3226 ecclesia
1074 3163 1214 3246 Anglica
1226 3163 1453 3230 auscultarent.

558 3248 642 3313 lbid.
658 3249 726 3313 15.
750 3249 867 3334 Χριςόν]
883 3247 1014 3311 Omittit
1028 3246 1157 3331 Ννενρνι.
1181 3247 1351 3312 Sanoru.

556 3334 643 3398 Ibid.
659 3334 681 3398 l.
696 3348 725 3399 8.
748 3332 795 3419 ὧν]
821 3335 855 3407 ὠς
880 3330 1052 3396 Castelloni
1077 3332 1151 3396 Cod.
1171 3333 1340 3398 Srnorrr.
1361 3332 1407 3398 ita
1424 3345 1460 3398 at
1480 3335 1552 3401 Ινον·

513 3430 654 3499 resonet,
668 3419 696 3486 si
711 3420 783 3506 quis
795 3418 932 3483 audiret.
959 3416 1091 3503 Rafiaas
1105 3429 1167 3482 vet.
1185 3417 1297 3504 interp.

558 3502 642 3571 lbid.
658 3505 681 3568 l.
696 3522 726 3583 9.
750 3504 909 3578 ἐπισκόπους
926 3511 979 3568 τῶν
995 3503 1097 3588 ὁμόρων
1108 3505 1216 3590 ἀγρῶν]
1232 3504 1491 3593 Chorepiscopos
1505 3508 1555 3574 in-

515 3590 663 3678 telligere
681 3590 814 3655 videtur.
859 3590 1022 3654 Eos·enim
1041 3589 1210 3674 distinguit
1223 3589 1359 3676 epistola
1372 3593 1413 3656 ab
1428 3595 1555 3680 episco-

516 3677 566 3762 pis
588 3676 728 3741 urbium.
772 3677 845 3741 Hos
867 3676 967 3761 igitur
987 3676 1018 3739 in
1041 3675 1249 3740 concionibus
1268 3676 1308 3739 ad
1327 3678 1497 3763 populum,
1513 3682 1556 3744 si·

516 3761 606 3829 milia
621 3785 658 3828 ao
673 3761 824 3826 mulieres
846 3760 916 3824 illas
940 3760 1086 3846 psaltrias
1107 3760 1147 3824 de
1169 3762 1268 3826 Paulo
1282 3761 1398 3827 dixisse
1412 3780 1559 3834 asserunt

517 3864 648 3934 patres:
683 3847 772 3934 quod
798 3846 1113 3932 Christophorsonus
1142 3869 1206 3910 non
1234 3847 1400 3913 intellexit.
1433 3852 1558 3918 VALE·

519 3954 618 3999 stus

562 4017 647 4083 Ibid.
663 4018 685 4081 l.
701 4032 747 4080 11.
770 4018 815 4080 τὸν
836 4016 886 4099 μὲν
906 4012 964 4103 ydp
985 4019 1039 4081 οἷὸν
1059 4023 1108 4079 τοῦ
1130 4017 1221 4099 Θεοῦ]
1242 4018 1287 4080 τὸν
1307 4019 1358 4099 μὲν
1428 4021 1562 4105 οςῦνινῦῦν

519 4109 595 4170 Θεοῦ
611 4103 688 4168 MS.
705 4101 845 4188 Norjilc.
871 4102 990 4183 ,Abest
1003 4107 1052 4165 τοῦ
1066 4106 1141 4166 Θεοῦ
1156 4125 1175 4167 a
1192 4102 1320 4189 Syacell
1337 4148 1345 4166 .
1424 4119 1557 4174 aeterum

519 4191 561 4255 de
580 4212 614 4254 re
635 4191 714 4274 ipsa,
728 4187 799 4253 vide
814 4211 886 4274 quae
901 4200 1078 4275 sequuntur
1092 4187 1134 4251 ad
1146 4211 1224 4296 pag.
1237 4201 1307 4254 484.
1351 4191 1427 4255 Ηοο
1449 4208 1559 4260 autem

519 4276 605 4354 loco,
621 4275 699 4338 dum
716 4272 930 4351 κατεληλυθότα
949 4295 1008 4358 pro
1027 4280 1256 4353 κατεληλνθεναν,
1271 4275 1355 4340 sicut
1375 4276 1457 4342 infra
1477 4302 1559 4364 quo·

521 4383 586 4448 que
599 4360 641 4425 ad
656 4359 712 4425 lin.
726 4375 752 4423 1.
771 4381 845 4445 pag.
858 4372 927 4423 482.
944 4358 1025 4423 idem
1038 4359 1115 4424 MS.
1131 4359 1239 4438 habet,
1254 4362 1398 4426 similiter
1419 4364 1451 4427 in
1469 4364 1561 4431 codi-

520 4447 614 4513 cibus
630 4445 710 4511 sacri
725 4458 831 4509 textus
845 4445 982 4513 variatur
996 4445 1084 4530 apud
1101 4446 1217 4509 1Joon.
1229 4446 1269 4509 iv.
1280 4461 1310 4511 2.
1519 4512 1522 4518 ,

567 4532 651 4601 Ibid.
668 4531 691 4596 l.
708 4546 754 4595 13.
776 4528 979 4615 σσρολοῦῦντες]
997 4529 1207 4613 σσροσλαῦῦντες
1224 4532 1301 4595 MS.
1324 4530 1430 4617 steph.
1455 4532 1562 4599 Chris·

523 4618 609 4703 toph.
632 4619 736 4681 lectt.
761 4616 979 4702 Jonesionique
1004 4615 1208 4702 Exemploris
1230 4618 1341 4703 Morg.
1397 4619 1481 4685 Mox
1508 4627 1564 4684 τῶν

522 4703 681 4794 μελλόντων
701 4703 859 4791 patriachae
878 4701 925 4766 ed.
943 4700 1051 4787 sapt.
1083 4701 1238 4789 Stephani
1259 4703 1357 4769 lectio
1379 4726 1399 4769 e
1416 4726 1494 4770 mox
1513 4727 1565 4770 se·
