4092 5675
557 751 611 818 ΙΝ
625 747 848 816 AFRICANI
864 744 1001 813 EPIST.
1017 743 1083 810 AD
1099 744 1364 814 ARISTIDEM.
1415 766 1477 836 231

486 923 521 988 P.
541 938 609 988 122.
628 922 651 987 l.
670 929 718 988 16.
739 921 878 1006 Ναζᾶμονν
900 920 947 983 nal
970 916 1120 1005 Κοοχοιὲοὶ]
1139 917 1293 984 Cochaba
1312 919 1399 983 vicus
1419 919 1483 984 fult

439 1006 476 1074 in
499 1008 684 1074 Basanitide
706 1008 800 1094 juxta
824 1004 1029 1092 Decapolim,
1054 1019 1090 1069 ut
1113 1006 1210 1071 tradit
1231 1005 1427 1092 Epiphanius
1447 1005 1481 1069 in

439 1093 557 1159 haerosi
583 1096 811 1160 Ebionaeorum
834 1114 904 1177 cap.
920 1108 950 1156 2.
971 1103 1005 1154 et
1021 1104 1069 1155 18.
1091 1093 1298 1157 Venustus
1342 1091 1481 1178 Χαζάρων

439 1179 522 1246 MS.
537 1179 630 1244 Bodl.
644 1180 808 1244 mendose.

487 1267 524 1330 P.
541 1280 608 1331 123.
630 1266 653 1330 l.
673 1281 700 1329 l.
723 1269 770 1343 τήν
784 1260 993 1350 προειρημένην]
1008 1261 1215 1348 Nicephorus
1234 1262 1332 1327 habet
1344 1264 1392 1339 τήν
1405 1287 1481 1349 erpo·

432 1350 624 1433 *supiranet
639 1352 730 1415 sicin
745 1350 856 1415 codice
873 1348 976 1434 Regio
991 1347 1079 1434 prius
1100 1350 1253 1433 scriptum
1270 1348 1342 1426 fuit,
1359 1347 1415 1411 sed
1431 1370 1482 1412 re·

438 1437 588 1503 centiore
603 1459 703 1501 manu
719 1435 924 1500 emendatum
939 1447 989 1498 est
1003 1434 1208 1521 προειρημένην.
1230 1436 1439 1498 Vatsslus

488 1523 575 1588 Ibid.
590 1522 613 1587 l.
631 1537 661 1586 2.
684 1524 713 1585 ἔκ
728 1549 759 1585 τε
773 1527 820 1597 τῆς
835 1518 934 1598 didam
948 1528 1003 1582 τῶν
1016 1520 1134 1607 ἡμερῶν]
1144 1521 1211 1583 'Per
1223 1520 1341 1584 librum
1356 1519 1482 1583 dierum

366 1621 370 1626 '
441 1607 599 1693 intelligit
612 1608 784 1671 Africanus
798 1604 1040 1692 premeridas,
1052 1627 1131 1690 quas
1146 1606 1241 1691 paulo
1257 1617 1330 1669 ante
1345 1606 1481 1679 ternant,

437 1697 612 1781 ’ἀπογραφὰς
632 1693 812 1780 appellavit.
857 1692 1000 1777 Plerique
1017 1692 1102 1755 enim
1125 1691 1212 1775 apud
1231 1690 1362 1755 Judaeos
1385 1690 1485 1790 origi-

443 1801 523 1844 num
547 1801 678 1843 suarum
699 1778 846 1855 studiosi,
864 1776 1003 1863 privatos
1022 1777 1148 1861 generis
1166 1777 1215 1840 sui
1234 1789 1484 1841 commentarios

442 1885 487 1929 ex
498 1865 636 1930 archivis
650 1865 788 1951 publicis
801 1863 976 1948 descriptos
989 1884 1087 1948 penes
1108 1884 1142 1924 se
1163 1862 1345 1941 habebant3
1369 1884 1485 1948 quem-

443 1949 624 2015 admodum
647 1950 733 2037 apud
753 1971 812 2014 nos
835 1950 1009 2013 etiamnum
1034 1971 1053 2011 a
1075 1947 1287 2013 nobilioribus
1309 1948 1375 2012 fieri
1399 1948 1486 2012 vide·

438 2059 531 2102 mus.
578 2038 677 2100 Porro
698 2036 761 2100 hoc
781 2036 814 2098 in
836 2034 910 2098 loco
930 2033 1051 2120 aliquid
1068 2033 1176 2098 deesse
1190 2048 1323 2120 apparet
1335 2057 1374 2099 ex
1385 2034 1486 2182 ἱμαῖ-

442 2122 520 2188 cula
531 2147 577 2200 rr,
615 2145 665 2186 nae
686 2122 719 2186 in
741 2120 891 2185 omnibus
910 2120 1026 2183 nostris
1046 2120 1210 2183 codicibus
1231 2133 1264 2184 et
1284 2120 1369 2205 apud
1422 2121 1486 2184 ice-

444 2207 588 2295 phorum
633 2208 758 2271 abetur.
801 2208 911 2294 Quare
933 2205 1112 2291 supplenda
1135 2204 1281 2269 videntur
1302 2206 1372 2269 haec
1391 2207 1487 2270 verba

445 2294 496 2358 real
516 2294 573 2358 ἀπὸ
594 2294 699 2376 μνήμης
721 2299 747 2369 ἐς
768 2291 830 2356 ὅσον
852 2297 1011 2371 ἐξικνοῦντο.
1056 2292 1107 2353 Ita
1124 2303 1210 2353 certe
1231 2290 1348 2377 legisse
1361 2290 1488 2355 videtur

446 2379 597 2458 Rufinus,
611 2380 666 2465 qni
685 2379 733 2445 sio
749 2378 852 2443 vertit.
899 2375 1047 2441 Ordinem
1068 2375 1258 2461 srrprudietoe
1276 2376 1487 2463 generationis

442 2464 567 2550 partim
580 2464 766 2542 memoriter,
778 2463 898 2550 purtim
918 2461 1013 2525 etiam
1034 2484 1074 2525 en
1091 2462 1210 2525 dierum
1226 2461 1324 2539 libris,
1339 2462 1371 2526 in
1386 2484 1489 2550 (μιαιν-

447 2561 517 2614 tum
537 2561 608 2615 erat
630 2549 785 2636 possibile,
807 2546 1022 2634 perdocebunt.
1044 2549 1255 2612 Vntasrus.
1300 2549 1432 2635 Repone
1455 2551 1488 2613 ἐκ

445 2637 554 2720 μνήμης
567 2650 642 2700 ante
657 2635 687 2699 ἔκ
702 2662 744 2701 τε.
780 2635 930 2700 Valesius
948 2633 1077 2696 volebat
1097 2634 1151 2694 ἀπὸ
1166 2634 1271 2714 μνήμης
1284 2652 1359 2720 post
1372 2642 1487 2723 ἡμερῶν,

448 2722 506 2788 sed
525 2743 602 2786 cum
628 2722 761 2785 Rufinus
783 2721 881 2785 alium
904 2721 1074 2784 verborum
1095 2718 1240 2783 ordinem
1259 2722 1402 2801 servavit,
1417 2735 1490 2786 tum

446 2808 546 2874 etiam
568 2808 780 2873 verosimilius
804 2820 854 2872 est
878 2804 999 2870 lectum
1023 2825 1092 2893 esse
1113 2808 1144 2868 ἐκ
1163 2827 1260 2891 quam
1282 2806 1346 2870 ἀπό.
1369 2806 1490 2894 duplex

447 2894 537 2971 enim
562 2898 594 2957 br
618 2893 784 2958 librarium
810 2906 860 2956 sat
885 2894 1052 2978 antiquum
1078 2891 1204 2955 fefellit.
1237 2896 1268 2956 ἐκ
1286 2894 1393 2976 μνήμης
1414 2915 1488 2958 vcro

446 2981 566 3046 Graece
579 2979 643 3043 dici
658 3001 753 3065 posse
768 3001 863 3042 nemo
878 2977 1080 3042 inficiabitur.
1114 2977 1267 3041 Similiter
1280 2979 1367 3064 apud
1381 2981 1490 3044 Hero-

445 3066 581 3131 dianum
595 3077 644 3130 est
659 3069 690 3128 ἐκ
706 3066 877 3143 συνειδήσεως
888 3076 921 3127 et
933 3061 1177 3149 quamplurima.
1191 3062 1261 3130 aliae
1277 3064 1374 3153 liujus
1389 3087 1488 3152 gene-

448 3151 494 3218 ris
510 3151 703 3216 locutiones.
727 3152 893 3214 Sraoen.

494 3236 580 3303 Ibid.
594 3237 617 3302 l.
632 3250 662 3300 3.
684 3241 721 3310 εἰς
739 3234 812 3321 door]
829 3239 859 3313 ἐξ
875 3233 943 3298 dour
955 3233 1032 3297 MS.
1048 3232 1188 3319 Norfolc.
1218 3240 1244 3310 ἐς
1264 3236 1322 3300 ἴσον
1337 3236 1490 3305 mendose

440 3321 587 3408 Mcept.
625 3323 709 3387 Mox
723 3320 783 3408 ἕχον
798 3343 856 3407 pro
872 3320 930 3405 ἔχει
946 3319 1048 3383 MSS.
1064 3319 1155 3384 Bodl.
1172 3335 1205 3385 et
1218 3322 1357 3409 Norsolc.

495 3408 581 3474 lbid.
597 3408 621 3473 l.
634 3423 665 3472 5.
685 3405 785 3496 ἄλλος]
802 3405 897 3483 ἄλλως
911 3405 959 3470 ed.
976 3403 1083 3493 Stepd.
1099 3406 1270 3474 Sanora.
1316 3408 1367 3472 Ita
1380 3422 1413 3472 et
1428 3409 1491 3473 Ni-

446 3496 536 3583 cepit.

497 3581 582 3647 Ibid.
604 3588 666 3658 οτᾶς
680 3584 724 3669 τε]
741 3582 831 3647 marri
842 3581 1001 3646 Jonesiam'
1014 3580 1201 3668 exemplaris
1215 3591 1245 3646 et
1259 3580 1311 3659 ed.
1323 3581 1491 3645 Genevens.

450 3667 633 3757 Margines.
683 3667 776 3743 ἄλλως
801 3694 831 3732 τε
860 3666 887 3742 ὃς
917 3667 1089 3754 Οήνὶοἰορὴ.
1118 3668 1278 3732 Lectiones
1306 3688 1370 3731 non
1395 3667 1491 3733 male.

449 3754 626 3819 STROTH.
661 3755 767 3829 πάντες
782 3755 859 3818 MS.
878 3753 966 3817 Bodl.
1003 3760 1066 3828 ωᾶς
1080 3780 1115 3841 γε
1128 3752 1260 3837 Niceplt.

494 3840 582 3905 Ibid.
597 3839 619 3904 l.
632 3847 663 3904 6.
687 3837 755 3918 adm
770 3838 893 3923 μελέτω]
913 3838 995 3916 αὐτῆς
1008 3868 1042 3921 μ.
1060 3838 1227 3926 Margines
1239 3838 1314 3902 edit.
1332 3838 1446 3903 Genev.
1461 3849 1492 3902 et

448 3924 643 4011 exemplaris
656 3927 759 3988 dones.
776 3923 989 4011 Stephonique
1004 3927 1105 3990 Lectt.
1123 3926 1293 3989 Sanora.
1338 3923 1404 4011 Qui
1420 3923 1492 4011 qui·

450 4012 528 4077 dem
543 4022 652 4089 testes,
668 4025 704 4075 ut
718 4010 794 4089 dixi,
808 4010 840 4073 in
856 4032 955 4074 unum
972 4010 1108 4074 fortasse
1123 4009 1279 4074 recidunt.

496 4094 583 4161 Ibid.
605 4101 627 4159 ei
650 4097 697 4161 nal
721 4100 759 4177 μὴ
782 4095 953 4181 ἐμμᾶρτυμός
971 4097 1024 4180 ier]
1052 4097 1091 4158 ln
1113 4096 1226 4159 codice
1242 4096 1345 4183 Regio
1358 4107 1391 4160 et
1405 4095 1493 4183 apud

432 4232 435 4237 -
450 4181 679 4267 Nicephorum
695 4181 815 4267 legitur
830 4185 851 4242 εἰ
866 4181 887 4265 ’i
903 4179 1072 4268 ἁμάςτυςος,
1089 4181 1176 4266 quod
1191 4181 1276 4245 idem
1291 4197 1352 4247 cst.
1397 4183 1495 4246 Cete-

450 4260 525 4333 νόω
537 4268 650 4354 quanti
663 4266 807 4330 facienda
819 4267 859 4330 sit
871 4266 940 4329 haeo
950 4267 1125 4351 evangelici
1137 4265 1201 4330 loci
1215 4267 1396 4354 explicatio,
1405 4279 1496 4354 patet

450 4376 494 4418 ex
508 4352 561 4417 his
576 4353 722 4417 Africani
736 4353 858 4430 verbis3
880 4352 999 4438 quippe
1015 4353 1071 4437 qui
1084 4352 1202 4416 fatetur
1215 4374 1287 4417 eam
1302 4353 1391 4417 nullo
1405 4353 1496 4417 testi·

452 4438 568 4503 monio
589 4438 696 4502 fulciri
718 4451 860 4501 veterum
883 4437 943 4500 scri
969 4450 1088 4501 torum.
1132 4437 1274 4503 Admitti
1295 4439 1402 4501 tamen
1423 4459 1495 4501 eam

451 4524 525 4589 vult
546 4546 568 4587 a
588 4523 694 4603 nobis,
715 4544 754 4587 eo
777 4522 863 4608 quod
887 4459 975 4586 nulld
995 4522 1110 4588 melior
1131 4523 1236 4587 afferri
1256 4522 1367 4609 possit.
1445 4546 1495 4586 uae

453 4632 532 4673 curn
555 4609 601 4673 ita
618 4608 693 4687 sint,
708 4607 828 4672 nollem
849 4609 1025 4672 Eusebium
1047 4622 1190 4673 nostrum
1208 4609 1241 4673 in
1255 4606 1414 4673 vestibulo
1452 4608 1495 4670 is-

454 4694 549 4761 toriae
565 4716 643 4776 suae,
658 4694 854 4761 mentionem
873 4693 971 4782 hujus
991 4693 1038 4758 rei
1058 4693 1183 4760 fecisse.
1228 4692 1335 4762 Satius
1349 4693 1497 4783 profecto

949 4791 1006 4848 04
1072 4834 1074 4838 -
