<?xml version="1.0" encoding="UTF-8"?>
<!DOCTYPE html PUBLIC "-//W3C//DTD XHTML 1.0 Transitional//EN"
    "http://www.w3.org/TR/xhtml1/DTD/xhtml1-transitional.dtd">
<html xmlns="http://www.w3.org/1999/xhtml" xml:lang="en" lang="en">
 <head>
  <title>
</title>
<meta http-equiv="Content-Type" content="text/html;charset=utf-8" />
  <meta name='ocr-system' content='tesseract 3.04.00' />
  <meta name='ocr-capabilities' content='ocr_page ocr_carea ocr_par ocr_line ocrx_word'/>
</head>
<body>
  <div class='ocr_page' id='page_1' title='image "./reliquiaesacrae09routgoog_0375.png"; bbox 0 0 4092 5675; ppageno 0'>
   <div class='ocr_carea' id='block_1_1' title="bbox 539 759 1537 862">
    <p class='ocr_par' dir='ltr' id='par_1_1' title="bbox 539 759 1537 862">
     <span class='ocr_line' id='line_1_1' title="bbox 539 759 1537 862; baseline 0.01 -29"><span class='ocrx_word' id='word_1_1' title='bbox 539 811 541 815; x_wconf 30' lang='grc' dir='ltr'><em>ψ</em></span> <span class='ocrx_word' id='word_1_2' title='bbox 570 767 745 835; x_wconf 83' lang='grc' dir='ltr'><strong>ΑΝΝΟΤ.</strong></span> <span class='ocrx_word' id='word_1_3' title='bbox 761 770 813 835; x_wconf 90' lang='lat' dir='ltr'>IN</span> <span class='ocrx_word' id='word_1_4' title='bbox 829 767 1015 836; x_wconf 87' lang='lat' dir='ltr'><strong>CONCIL.</strong></span> <span class='ocrx_word' id='word_1_5' title='bbox 1028 759 1221 838; x_wconf 72' lang='lat' dir='ltr'><strong>,CONTRA</strong></span> <span class='ocrx_word' id='word_1_6' title='bbox 1235 771 1444 838; x_wconf 88' lang='lat' dir='ltr'><strong>NOETUM.</strong></span> <span class='ocrx_word' id='word_1_7' title='bbox 1475 790 1537 862; x_wconf 79' lang='lat'>377</span> 
     </span>
    </p>
   </div>
   <div class='ocr_carea' id='block_1_2' title="bbox 497 925 1543 1554">
    <p class='ocr_par' dir='ltr' id='par_1_2' title="bbox 497 925 1543 1197">
     <span class='ocr_line' id='line_1_2' title="bbox 544 925 1543 1029; baseline 0.005 -26"><span class='ocrx_word' id='word_1_8' title='bbox 544 933 580 1003; x_wconf 73' lang='lat'>1²³.</span> <span class='ocrx_word' id='word_1_9' title='bbox 595 950 666 1015; x_wconf 75' lang='grc'><strong>374.</strong></span> <span class='ocrx_word' id='word_1_10' title='bbox 688 939 712 1002; x_wconf 90' lang='lat' dir='ltr'>l.</span> <span class='ocrx_word' id='word_1_11' title='bbox 731 956 757 1003; x_wconf 88' lang='lat'>1.</span> <span class='ocrx_word' id='word_1_12' title='bbox 787 938 913 1026; x_wconf 62' lang='lat' dir='ltr'>pionem]</span> <span class='ocrx_word' id='word_1_13' title='bbox 946 937 1160 1006; x_wconf 76' lang='lat' dir='ltr'>scribendum</span> <span class='ocrx_word' id='word_1_14' title='bbox 1187 940 1345 1028; x_wconf 62' lang='lat' dir='ltr'>ysyirsrbi,</span> <span class='ocrx_word' id='word_1_15' title='bbox 1364 925 1473 1029; x_wconf 68' lang='lat' dir='ltr'>¹itque</span> <span class='ocrx_word' id='word_1_16' title='bbox 1495 943 1543 1008; x_wconf 80' lang='lat' dir='ltr'>ita&#39;</span> 
     </span>
     <span class='ocr_line' id='line_1_3' title="bbox 497 1025 1539 1112; baseline 0.003 -22"><span class='ocrx_word' id='word_1_17' title='bbox 497 1027 596 1090; x_wconf 82' lang='lat' dir='ltr'>vertit</span> <span class='ocrx_word' id='word_1_18' title='bbox 607 1026 792 1103; x_wconf 85' lang='lat' dir='ltr'>Turrianus‚</span> <span class='ocrx_word' id='word_1_19' title='bbox 807 1025 864 1112; x_wconf 92' lang='lat' dir='ltr'>qui</span> <span class='ocrx_word' id='word_1_20' title='bbox 879 1025 956 1089; x_wconf 86' lang='lat' dir='ltr'>MS.</span> <span class='ocrx_word' id='word_1_21' title='bbox 973 1025 1142 1112; x_wconf 78' lang='lat' dir='ltr'><em>Hippolyti</em></span> <span class='ocrx_word' id='word_1_22' title='bbox 1160 1027 1238 1090; x_wconf 87' lang='lat' dir='ltr'>olim</span> <span class='ocrx_word' id='word_1_23' title='bbox 1259 1027 1374 1091; x_wconf 86' lang='lat' dir='ltr'><strong>Latine</strong></span> <span class='ocrx_word' id='word_1_24' title='bbox 1390 1028 1539 1109; x_wconf 87' lang='lat' dir='ltr'>reddidit,</span> 
     </span>
     <span class='ocr_line' id='line_1_4' title="bbox 498 1109 994 1197; baseline 0.002 -23"><span class='ocrx_word' id='word_1_25' title='bbox 498 1133 541 1174; x_wconf 81' lang='lat' dir='ltr'>eae</span> <span class='ocrx_word' id='word_1_26' title='bbox 554 1109 663 1175; x_wconf 78' lang='lat' dir='ltr'>divine</span> <span class='ocrx_word' id='word_1_27' title='bbox 677 1121 759 1175; x_wconf 83' lang='lat' dir='ltr'><em>sorte</em></span> <span class='ocrx_word' id='word_1_28' title='bbox 771 1111 892 1197; x_wconf 89' lang='lat' dir='ltr'>ejectus</span> <span class='ocrx_word' id='word_1_29' title='bbox 907 1124 967 1175; x_wconf 90' lang='lat' dir='ltr'>est.</span> <span class='ocrx_word' id='word_1_30' title='bbox 991 1185 994 1190; x_wconf 45' lang='grc'><em>,</em></span> 
     </span>
    </p>

    <p class='ocr_par' dir='ltr' id='par_1_3' title="bbox 498 1194 1540 1452">
     <span class='ocr_line' id='line_1_5' title="bbox 544 1194 1540 1283; baseline 0.003 -24"><span class='ocrx_word' id='word_1_31' title='bbox 544 1194 631 1260; x_wconf 92' lang='lat' dir='ltr'>Ibid.</span> <span class='ocrx_word' id='word_1_32' title='bbox 653 1196 753 1283; x_wconf 74' lang='grc' dir='ltr'><strong>κλήρου</strong></span> <span class='ocrx_word' id='word_1_33' title='bbox 769 1196 867 1282; x_wconf 71' lang='grc' dir='ltr'><strong><em>ἁγίου]</em></strong></span> <span class='ocrx_word' id='word_1_34' title='bbox 884 1195 939 1259; x_wconf 88' lang='lat' dir='ltr'>Ab</span> <span class='ocrx_word' id='word_1_35' title='bbox 958 1195 1146 1278; x_wconf 61' lang='lat' dir='ltr'>haereditate</span> <span class='ocrx_word' id='word_1_36' title='bbox 1164 1211 1285 1275; x_wconf 85' lang='lat' dir='ltr'>sancta,</span> <span class='ocrx_word' id='word_1_37' title='bbox 1303 1218 1362 1262; x_wconf 86' lang='lat' dir='ltr'>seu</span> <span class='ocrx_word' id='word_1_38' title='bbox 1381 1197 1540 1263; x_wconf 87' lang='lat' dir='ltr'>Christia-</span> 
     </span>
     <span class='ocr_line' id='line_1_6' title="bbox 498 1281 1540 1363; baseline 0.001 -18"><span class='ocrx_word' id='word_1_39' title='bbox 498 1303 619 1345; x_wconf 88' lang='lat' dir='ltr'>norum</span> <span class='ocrx_word' id='word_1_40' title='bbox 634 1294 733 1361; x_wconf 79' lang='lat' dir='ltr'>coetu,</span> <span class='ocrx_word' id='word_1_41' title='bbox 748 1281 939 1347; x_wconf 86' lang='lat' dir='ltr'>nonordine</span> <span class='ocrx_word' id='word_1_42' title='bbox 952 1299 1055 1362; x_wconf 79' lang='lat' dir='ltr'>sacro,</span> <span class='ocrx_word' id='word_1_43' title='bbox 1071 1293 1144 1363; x_wconf 81' lang='lat' dir='ltr'>nam</span> <span class='ocrx_word' id='word_1_44' title='bbox 1164 1282 1247 1347; x_wconf 85' lang='lat' dir='ltr'>infra</span> <span class='ocrx_word' id='word_1_45' title='bbox 1267 1283 1378 1363; x_wconf 87' lang='lat' dir='ltr'>habes,</span> <span class='ocrx_word' id='word_1_46' title='bbox 1397 1283 1461 1346; x_wconf 75' lang='grc' dir='ltr'><strong><em>τότε</em></strong></span> <span class='ocrx_word' id='word_1_47' title='bbox 1481 1282 1540 1346; x_wconf 73' lang='lat' dir='ltr'>irai</span> 
     </span>
     <span class='ocr_line' id='line_1_7' title="bbox 499 1365 1330 1452; baseline 0.004 -23"><span class='ocrx_word' id='word_1_48' title='bbox 499 1366 666 1452; x_wconf 72' lang='grc' dir='ltr'>ἰλίγξαντες</span> <span class='ocrx_word' id='word_1_49' title='bbox 681 1365 800 1446; x_wconf 72' lang='grc' dir='ltr'>ἐξέωσαν</span> <span class='ocrx_word' id='word_1_50' title='bbox 813 1373 860 1444; x_wconf 76' lang='grc' dir='ltr'>τῆς</span> <span class='ocrx_word' id='word_1_51' title='bbox 878 1367 1041 1445; x_wconf 62' lang='grc' dir='ltr'>ἐκκληὰῐας.</span> <span class='ocrx_word' id='word_1_52' title='bbox 1128 1385 1131 1394; x_wconf 90' lang='grc'><em>’</em></span> <span class='ocrx_word' id='word_1_53' title='bbox 1328 1443 1330 1448; x_wconf 28' lang='grc' dir='ltr'>Ι</span> 
     </span>
    </p>

    <p class='ocr_par' dir='ltr' id='par_1_4' title="bbox 545 1452 1540 1554">
     <span class='ocr_line' id='line_1_8' title="bbox 545 1452 1540 1554; baseline 0.002 -39"><span class='ocrx_word' id='word_1_54' title='bbox 545 1452 632 1516; x_wconf 91' lang='lat' dir='ltr'>Ibid.</span> <span class='ocrx_word' id='word_1_55' title='bbox 653 1452 719 1517; x_wconf 83' lang='lat' dir='ltr'>l.3.</span> <span class='ocrx_word' id='word_1_56' title='bbox 746 1452 875 1539; x_wconf 62' lang='grc' dir='ltr'>Ἀαρών]</span> <span class='ocrx_word' id='word_1_57' title='bbox 900 1453 951 1517; x_wconf 85' lang='lat' dir='ltr'>lta</span> <span class='ocrx_word' id='word_1_58' title='bbox 973 1452 1228 1554; x_wconf 66' lang='lat' dir='ltr'>et·Epipbonius</span> <span class='ocrx_word' id='word_1_59' title='bbox 1250 1464 1283 1517; x_wconf 91' lang='lat' dir='ltr'>et</span> <span class='ocrx_word' id='word_1_60' title='bbox 1307 1455 1540 1518; x_wconf 63' lang='lat' dir='ltr'>Damascenis:</span> 
     </span>
    </p>
   </div>
   <div class='ocr_carea' id='block_1_3' title="bbox 486 1517 1619 4790">
    <p class='ocr_par' dir='ltr' id='par_1_5' title="bbox 486 1517 1619 4790">
     <span class='ocr_line' id='line_1_9' title="bbox 500 1517 1541 1626; baseline 0.001 -25"><span class='ocrx_word' id='word_1_61' title='bbox 500 1537 567 1602; x_wconf 87' lang='lat' dir='ltr'>Sed</span> <span class='ocrx_word' id='word_1_62' title='bbox 584 1538 773 1603; x_wconf 82' lang='lat' dir='ltr'>Philastrius</span> <span class='ocrx_word' id='word_1_63' title='bbox 789 1517 1154 1626; x_wconf 62' lang='lat' dir='ltr'>Hoeres&#39;iliiicNoettom</span> <span class='ocrx_word' id='word_1_64' title='bbox 1175 1540 1323 1603; x_wconf 71' lang='lat' dir='ltr'>insensati</span> <span class='ocrx_word' id='word_1_65' title='bbox 1341 1539 1470 1621; x_wconf 75' lang='grc' dir='ltr'>(ἀνόητοι)</span> <span class='ocrx_word' id='word_1_66' title='bbox 1489 1562 1541 1602; x_wconf 84' lang='lat' dir='ltr'>eu·</span> 
     </span>
     <span class='ocr_line' id='line_1_10' title="bbox 493 1622 1540 1708; baseline 0.004 -23"><span class='ocrx_word' id='word_1_67' title='bbox 493 1623 629 1708; x_wconf 83' lang='lat' dir='ltr'>jusdam</span> <span class='ocrx_word' id='word_1_68' title='bbox 645 1622 766 1688; x_wconf 80' lang='lat' dir='ltr'>nominc</span> <span class='ocrx_word' id='word_1_69' title='bbox 780 1622 1024 1687; x_wconf 62' lang='lat' dir='ltr'>Nocti—*lile</span> <span class='ocrx_word' id='word_1_70' title='bbox 1036 1622 1132 1688; x_wconf 71' lang='lat' dir='ltr'>etium</span> <span class='ocrx_word' id='word_1_71' title='bbox 1147 1624 1266 1689; x_wconf 80' lang='lat' dir='ltr'>diceba-t</span> <span class='ocrx_word' id='word_1_72' title='bbox 1283 1648 1316 1689; x_wconf 84' lang='lat' dir='ltr'>se</span> <span class='ocrx_word' id='word_1_73' title='bbox 1333 1626 1446 1688; x_wconf 80' lang='lat' dir='ltr'><em>Mosen</em></span> <span class='ocrx_word' id='word_1_74' title='bbox 1464 1629 1540 1704; x_wconf 79' lang='lat' dir='ltr'>esse,</span> 
     </span>
     <span class='ocr_line' id='line_1_11' title="bbox 499 1708 1540 1795; baseline 0.003 -24"><span class='ocrx_word' id='word_1_75' title='bbox 499 1718 532 1771; x_wconf 82' lang='lat' dir='ltr'>et</span> <span class='ocrx_word' id='word_1_76' title='bbox 542 1708 687 1794; x_wconf 75' lang='lat' dir='ltr'>fratrem</span> <span class='ocrx_word' id='word_1_77' title='bbox 709 1729 799 1773; x_wconf 81' lang='lat' dir='ltr'>suum</span> <span class='ocrx_word' id='word_1_78' title='bbox 822 1708 951 1773; x_wconf 85' lang='lat' dir='ltr'>Heliam</span> <span class='ocrx_word' id='word_1_79' title='bbox 970 1708 1165 1795; x_wconf 75' lang='lat' dir='ltr'>proplietam.</span> <span class='ocrx_word' id='word_1_80' title='bbox 1189 1712 1413 1775; x_wconf 73' lang='lat' dir='ltr'>Fsssurewsr.</span> <span class='ocrx_word' id='word_1_81' title='bbox 1458 1711 1540 1774; x_wconf 88' lang='lat' dir='ltr'>Rem</span> 
     </span>
     <span class='ocr_line' id='line_1_12' title="bbox 500 1793 1541 1880; baseline 0.003 -24"><span class='ocrx_word' id='word_1_82' title='bbox 500 1794 547 1859; x_wconf 85' lang='lat' dir='ltr'>ita</span> <span class='ocrx_word' id='word_1_83' title='bbox 561 1795 693 1880; x_wconf 86' lang='lat' dir='ltr'>exponit</span> <span class='ocrx_word' id='word_1_84' title='bbox 707 1793 748 1859; x_wconf 84' lang='lat' dir='ltr'>cl.</span> <span class='ocrx_word' id='word_1_85' title='bbox 763 1794 978 1871; x_wconf 83' lang='lat' dir='ltr'>Moshemius‚</span> <span class='ocrx_word' id='word_1_86' title='bbox 992 1795 1024 1859; x_wconf 92' lang='lat' dir='ltr'>in</span> <span class='ocrx_word' id='word_1_87' title='bbox 1042 1796 1159 1861; x_wconf 82' lang='lat' dir='ltr'>Comm.</span> <span class='ocrx_word' id='word_1_88' title='bbox 1171 1797 1223 1860; x_wconf 86' lang='lat' dir='ltr'>De</span> <span class='ocrx_word' id='word_1_89' title='bbox 1234 1796 1334 1860; x_wconf 81' lang='lat' dir='ltr'>Rebus</span> <span class='ocrx_word' id='word_1_90' title='bbox 1349 1795 1541 1859; x_wconf 75' lang='lat' dir='ltr'>Christiano·</span> 
     </span>
     <span class='ocr_line' id='line_1_13' title="bbox 499 1881 1545 1968; baseline 0 -24"><span class='ocrx_word' id='word_1_91' title='bbox 499 1902 573 1944; x_wconf 78' lang='lat' dir='ltr'>rum</span> <span class='ocrx_word' id='word_1_92' title='bbox 589 1891 662 1942; x_wconf 78' lang='lat' dir='ltr'>ante</span> <span class='ocrx_word' id='word_1_93' title='bbox 678 1881 871 1944; x_wconf 77' lang='lat' dir='ltr'>Constantio.</span> <span class='ocrx_word' id='word_1_94' title='bbox 884 1882 936 1943; x_wconf 88' lang='lat' dir='ltr'>M.</span> <span class='ocrx_word' id='word_1_95' title='bbox 950 1882 1031 1944; x_wconf 87' lang='lat' dir='ltr'>Saee.</span> <span class='ocrx_word' id='word_1_96' title='bbox 1041 1881 1085 1945; x_wconf 90' lang='lat' dir='ltr'>iii.</span> <span class='ocrx_word' id='word_1_97' title='bbox 1102 1884 1131 1965; x_wconf 63' lang='lat'>§-</span> <span class='ocrx_word' id='word_1_98' title='bbox 1143 1896 1193 1959; x_wconf 81' lang='grc'>33.</span> <span class='ocrx_word' id='word_1_99' title='bbox 1208 1905 1240 1968; x_wconf 92' lang='lat' dir='ltr'>p.</span> <span class='ocrx_word' id='word_1_100' title='bbox 1252 1889 1321 1946; x_wconf 82' lang='grc'><strong>682.</strong></span> <span class='ocrx_word' id='word_1_101' title='bbox 1336 1895 1374 1944; x_wconf 90' lang='lat' dir='ltr'>ut</span> <span class='ocrx_word' id='word_1_102' title='bbox 1388 1882 1545 1945; x_wconf 81' lang='lat' dir='ltr'>sectarius¹</span> 
     </span>
     <span class='ocr_line' id='line_1_14' title="bbox 498 1965 1541 2054; baseline 0.001 -24"><span class='ocrx_word' id='word_1_103' title='bbox 498 1965 563 2030; x_wconf 70' lang='lat' dir='ltr'>itte</span> <span class='ocrx_word' id='word_1_104' title='bbox 572 1965 782 2043; x_wconf 83' lang='lat' dir='ltr'>existimetur,</span> <span class='ocrx_word' id='word_1_105' title='bbox 792 1985 952 2054; x_wconf 35' lang='lat' dir='ltr'>sesecum·</span> <span class='ocrx_word' id='word_1_106' title='bbox 961 1967 1068 2044; x_wconf 88' lang='lat' dir='ltr'>Mose,</span> <span class='ocrx_word' id='word_1_107' title='bbox 1078 1967 1273 2054; x_wconf 60' lang='lat' dir='ltr'>fratremque</span> <span class='ocrx_word' id='word_1_108' title='bbox 1283 1990 1378 2031; x_wconf 89' lang='lat' dir='ltr'>suurn</span> <span class='ocrx_word' id='word_1_109' title='bbox 1388 1988 1464 2030; x_wconf 90' lang='lat' dir='ltr'>cum</span> <span class='ocrx_word' id='word_1_110' title='bbox 1472 1969 1541 2031; x_wconf 82' lang='lat' dir='ltr'>Aa·</span> 
     </span>
     <span class='ocr_line' id='line_1_15' title="bbox 499 2049 1542 2137; baseline 0.001 -21"><span class='ocrx_word' id='word_1_111' title='bbox 499 2070 592 2129; x_wconf 84' lang='lat' dir='ltr'>rene,</span> <span class='ocrx_word' id='word_1_112' title='bbox 603 2071 804 2137; x_wconf 83' lang='lat' dir='ltr'>comparasse</span> <span class='ocrx_word' id='word_1_113' title='bbox 809 2074 819 2129; x_wconf 83' lang='lat'>3</span> <span class='ocrx_word' id='word_1_114' title='bbox 834 2050 867 2115; x_wconf 89' lang='lat' dir='ltr'>id</span> <span class='ocrx_word' id='word_1_115' title='bbox 879 2063 938 2129; x_wconf 91' lang='lat' dir='ltr'>est,</span> <span class='ocrx_word' id='word_1_116' title='bbox 950 2065 1138 2136; x_wconf 77' lang='lat' dir='ltr'>arroganter</span> <span class='ocrx_word' id='word_1_117' title='bbox 1171 2054 1348 2131; x_wconf 86' lang='lat' dir='ltr'>raedicasse‚</span> <span class='ocrx_word' id='word_1_118' title='bbox 1360 2049 1468 2115; x_wconf 90' lang='lat' dir='ltr'>Deum</span> <span class='ocrx_word' id='word_1_119' title='bbox 1481 2075 1542 2117; x_wconf 91' lang='lat' dir='ltr'>suo</span> 
     </span>
     <span class='ocr_line' id='line_1_16' title="bbox 499 2074 1542 2223; baseline 0.001 -23"><span class='ocrx_word' id='word_1_120' title='bbox 499 2134 673 2223; x_wconf 76' lang='lat' dir='ltr'>fratrisque</span> <span class='ocrx_word' id='word_1_121' title='bbox 695 2135 871 2199; x_wconf 90' lang='lat' dir='ltr'>ministerio</span> <span class='ocrx_word' id='word_1_122' title='bbox 895 2135 936 2199; x_wconf 88' lang='lat' dir='ltr'>ad</span> <span class='ocrx_word' id='word_1_123' title='bbox 959 2136 1116 2222; x_wconf 82' lang='lat' dir='ltr'>populum</span> <span class='ocrx_word' id='word_1_124' title='bbox 1141 2074 1360 2201; x_wconf 63' lang='lat' dir='ltr'>doristianum</span> <span class='ocrx_word' id='word_1_125' title='bbox 1385 2153 1424 2220; x_wconf 82' lang='lat' dir='ltr'>ex</span> <span class='ocrx_word' id='word_1_126' title='bbox 1445 2138 1542 2201; x_wconf 82' lang='lat' dir='ltr'>falsa-</span> 
     </span>
     <span class='ocr_line' id='line_1_17' title="bbox 500 2220 1540 2308; baseline 0 -23"><span class='ocrx_word' id='word_1_127' title='bbox 500 2239 576 2286; x_wconf 81' lang='lat' dir='ltr'>rum</span> <span class='ocrx_word' id='word_1_128' title='bbox 591 2220 631 2285; x_wconf 89' lang='lat' dir='ltr'>de</span> <span class='ocrx_word' id='word_1_129' title='bbox 644 2221 800 2308; x_wconf 79' lang='lat' dir='ltr'>religione</span> <span class='ocrx_word' id='word_1_130' title='bbox 815 2221 1004 2308; x_wconf 83' lang='lat' dir='ltr'>opinionum</span> <span class='ocrx_word' id='word_1_131' title='bbox 1026 2221 1177 2285; x_wconf 85' lang='lat' dir='ltr'>servitute</span> <span class='ocrx_word' id='word_1_132' title='bbox 1193 2221 1394 2286; x_wconf 88' lang='lat' dir='ltr'>educendum</span> <span class='ocrx_word' id='word_1_133' title='bbox 1410 2222 1457 2285; x_wconf 91' lang='lat' dir='ltr'>uti</span> <span class='ocrx_word' id='word_1_134' title='bbox 1474 2223 1540 2286; x_wconf 89' lang='lat' dir='ltr'>vel-</span> 
     </span>
     <span class='ocr_line' id='line_1_18' title="bbox 500 2305 1541 2393; baseline 0.001 -23"><span class='ocrx_word' id='word_1_135' title='bbox 500 2306 544 2386; x_wconf 88' lang='lat' dir='ltr'>le,</span> <span class='ocrx_word' id='word_1_136' title='bbox 556 2306 833 2392; x_wconf 66' lang='lat' dir='ltr'>quemadmodum</span> <span class='ocrx_word' id='word_1_137' title='bbox 858 2305 963 2370; x_wconf 86' lang='lat' dir='ltr'>Mosis</span> <span class='ocrx_word' id='word_1_138' title='bbox 979 2317 1011 2370; x_wconf 89' lang='lat' dir='ltr'>et</span> <span class='ocrx_word' id='word_1_139' title='bbox 1026 2306 1164 2369; x_wconf 88' lang='lat' dir='ltr'>Aaronis</span> <span class='ocrx_word' id='word_1_140' title='bbox 1179 2329 1310 2393; x_wconf 87' lang='lat' dir='ltr'>operam</span> <span class='ocrx_word' id='word_1_141' title='bbox 1326 2307 1366 2370; x_wconf 85' lang='lat' dir='ltr'>ad</span> <span class='ocrx_word' id='word_1_142' title='bbox 1382 2309 1541 2371; x_wconf 87' lang='lat' dir='ltr'>Hebraeo-</span> 
     </span>
     <span class='ocr_line' id='line_1_19' title="bbox 501 2390 1541 2478; baseline -0.001 -22"><span class='ocrx_word' id='word_1_143' title='bbox 501 2407 576 2456; x_wconf 88' lang='lat' dir='ltr'>rum</span> <span class='ocrx_word' id='word_1_144' title='bbox 598 2393 755 2478; x_wconf 83' lang='lat' dir='ltr'>populum</span> <span class='ocrx_word' id='word_1_145' title='bbox 778 2413 817 2456; x_wconf 81' lang='lat' dir='ltr'>ex</span> <span class='ocrx_word' id='word_1_146' title='bbox 834 2392 984 2478; x_wconf 86' lang='lat' dir='ltr'>AEgypto</span> <span class='ocrx_word' id='word_1_147' title='bbox 1006 2390 1207 2456; x_wconf 84' lang='lat' dir='ltr'>liberandum</span> <span class='ocrx_word' id='word_1_148' title='bbox 1231 2394 1309 2456; x_wconf 90' lang='lat' dir='ltr'>olim</span> <span class='ocrx_word' id='word_1_149' title='bbox 1331 2392 1541 2457; x_wconf 84' lang='lat' dir='ltr'>adhibuisset.</span> 
     </span>
     <span class='ocr_line' id='line_1_20' title="bbox 501 2475 1541 2555; baseline 0.001 -13"><span class='ocrx_word' id='word_1_150' title='bbox 501 2475 588 2542; x_wconf 76' lang='lat' dir='ltr'>Setis</span> <span class='ocrx_word' id='word_1_151' title='bbox 599 2477 637 2540; x_wconf 91' lang='lat' dir='ltr'>&#39;in</span> <span class='ocrx_word' id='word_1_152' title='bbox 662 2478 772 2542; x_wconf 82' lang='lat' dir='ltr'>eniose</span> <span class='ocrx_word' id='word_1_153' title='bbox 785 2477 856 2541; x_wconf 83' lang='lat' dir='ltr'>isto.</span> <span class='ocrx_word' id='word_1_154' title='bbox 901 2480 1058 2542; x_wconf 82' lang='lat' dir='ltr'>Attamen</span> <span class='ocrx_word' id='word_1_155' title='bbox 1074 2478 1283 2542; x_wconf 84' lang='lat' dir='ltr'>recordentur</span> <span class='ocrx_word' id='word_1_156' title='bbox 1300 2499 1424 2555; x_wconf 87' lang='lat' dir='ltr'>omnes,</span> <span class='ocrx_word' id='word_1_157' title='bbox 1440 2477 1541 2543; x_wconf 88' lang='lat' dir='ltr'>docu-</span> 
     </span>
     <span class='ocr_line' id='line_1_21' title="bbox 486 2498 1540 2711; baseline -0.001 -83"><span class='ocrx_word' id='word_1_158' title='bbox 486 2562 566 2648; x_wconf 76' lang='lat' dir='ltr'>isse</span> <span class='ocrx_word' id='word_1_159' title='bbox 581 2498 810 2650; x_wconf 57' lang='lat' dir='ltr'>Pytbagoram,</span> <span class='ocrx_word' id='word_1_160' title='bbox 825 2586 858 2627; x_wconf 91' lang='lat' dir='ltr'>se</span> <span class='ocrx_word' id='word_1_161' title='bbox 876 2563 909 2626; x_wconf 91' lang='lat' dir='ltr'>in</span> <span class='ocrx_word' id='word_1_162' title='bbox 927 2561 1171 2711; x_wconf 20' lang='lat' dir='ltr'>Troganolbello</span> <span class='ocrx_word' id='word_1_163' title='bbox 1191 2562 1404 2662; x_wconf 90' lang='lat' dir='ltr'>Euphorbum</span> <span class='ocrx_word' id='word_1_164' title='bbox 1420 2563 1540 2643; x_wconf 84' lang='lat' dir='ltr'>fuisse3</span> 
     </span>
     <span class='ocr_line' id='line_1_22' title="bbox 500 2647 1542 2735; baseline 0 -21"><span class='ocrx_word' id='word_1_165' title='bbox 500 2661 536 2714; x_wconf 80' lang='lat' dir='ltr'>et</span> <span class='ocrx_word' id='word_1_166' title='bbox 556 2648 690 2730; x_wconf 84' lang='lat' dir='ltr'>memini</span> <span class='ocrx_word' id='word_1_167' title='bbox 703 2665 767 2735; x_wconf 82' lang='lat' dir='ltr'>ego</span> <span class='ocrx_word' id='word_1_168' title='bbox 781 2647 922 2712; x_wconf 83' lang='lat' dir='ltr'>extitisse</span> <span class='ocrx_word' id='word_1_169' title='bbox 937 2648 968 2710; x_wconf 93' lang='lat' dir='ltr'>in</span> <span class='ocrx_word' id='word_1_170' title='bbox 1008 2648 1034 2711; x_wconf 91' lang='lat' dir='ltr'>is</span> <span class='ocrx_word' id='word_1_171' title='bbox 1047 2649 1111 2713; x_wconf 91' lang='lat' dir='ltr'>oris</span> <span class='ocrx_word' id='word_1_172' title='bbox 1127 2659 1201 2713; x_wconf 82' lang='lat' dir='ltr'>ante</span> <span class='ocrx_word' id='word_1_173' title='bbox 1216 2650 1347 2734; x_wconf 80' lang='lat' dir='ltr'>triginta</span> <span class='ocrx_word' id='word_1_174' title='bbox 1361 2649 1427 2711; x_wconf 87' lang='lat' dir='ltr'>fere</span> <span class='ocrx_word' id='word_1_175' title='bbox 1441 2671 1542 2714; x_wconf 87' lang='lat' dir='ltr'>annos</span> 
     </span>
     <span class='ocr_line' id='line_1_23' title="bbox 510 2733 1543 2822; baseline 0.001 -24"><span class='ocrx_word' id='word_1_176' title='bbox 510 2733 637 2818; x_wconf 78' lang='lat' dir='ltr'>&#39;lanum</span> <span class='ocrx_word' id='word_1_177' title='bbox 651 2733 823 2820; x_wconf 78' lang='lat' dir='ltr'>quendam,</span> <span class='ocrx_word' id='word_1_178' title='bbox 838 2746 894 2797; x_wconf 91' lang='lat' dir='ltr'>aut</span> <span class='ocrx_word' id='word_1_179' title='bbox 910 2747 996 2798; x_wconf 88' lang='lat' dir='ltr'>certe</span> <span class='ocrx_word' id='word_1_180' title='bbox 1013 2733 1177 2798; x_wconf 88' lang='lat' dir='ltr'>hominem</span> <span class='ocrx_word' id='word_1_181' title='bbox 1198 2734 1384 2813; x_wconf 81' lang='lat' dir='ltr'>fanaticum,</span> <span class='ocrx_word' id='word_1_182' title='bbox 1399 2734 1455 2822; x_wconf 89' lang='lat' dir='ltr'>qui</span> <span class='ocrx_word' id='word_1_183' title='bbox 1473 2755 1543 2800; x_wconf 86' lang='lat' dir='ltr'>sese</span> 
     </span>
     <span class='ocr_line' id='line_1_24' title="bbox 535 2819 1543 2907; baseline 0 -20"><span class='ocrx_word' id='word_1_184' title='bbox 535 2820 634 2907; x_wconf 38' lang='lat' dir='ltr'>,eliam</span> <span class='ocrx_word' id='word_1_185' title='bbox 656 2820 846 2907; x_wconf 83' lang='lat' dir='ltr'>prophetam</span> <span class='ocrx_word' id='word_1_186' title='bbox 869 2842 938 2884; x_wconf 89' lang='lat' dir='ltr'>esse</span> <span class='ocrx_word' id='word_1_187' title='bbox 958 2819 1162 2906; x_wconf 88' lang='lat' dir='ltr'>impudenter</span> <span class='ocrx_word' id='word_1_188' title='bbox 1179 2819 1367 2885; x_wconf 83' lang='lat' dir='ltr'>affirmabat.</span> <span class='ocrx_word' id='word_1_189' title='bbox 1412 2820 1543 2887; x_wconf 79' lang='lat' dir='ltr'>Rectius</span> 
     </span>
     <span class='ocr_line' id='line_1_25' title="bbox 501 2905 1542 3020; baseline -0.002 -47"><span class='ocrx_word' id='word_1_190' title='bbox 501 2926 585 2993; x_wconf 85' lang='lat' dir='ltr'>ergo</span> <span class='ocrx_word' id='word_1_191' title='bbox 600 2905 735 2971; x_wconf 84' lang='lat' dir='ltr'>fortasse</span> <span class='ocrx_word' id='word_1_192' title='bbox 749 2918 881 2986; x_wconf 82' lang='lat' dir='ltr'>statuas,</span> <span class='ocrx_word' id='word_1_193' title='bbox 896 2907 1043 2970; x_wconf 89' lang='lat' dir='ltr'>Noetum</span> <span class='ocrx_word' id='word_1_194' title='bbox 1058 2921 1092 2971; x_wconf 90' lang='lat' dir='ltr'>et</span> <span class='ocrx_word' id='word_1_195' title='bbox 1106 2907 1237 2973; x_wconf 74' lang='lat' dir='ltr'>fratrem</span> <span class='ocrx_word' id='word_1_196' title='bbox 1254 2907 1323 3020; x_wconf 59' lang='lat' dir='ltr'>ejus</span> <span class='ocrx_word' id='word_1_197' title='bbox 1338 2905 1542 2992; x_wconf 82' lang='lat' dir='ltr'>praedicasse,</span> 
     </span>
     <span class='ocr_line' id='line_1_26' title="bbox 501 2991 1542 3078; baseline -0.002 -20"><span class='ocrx_word' id='word_1_198' title='bbox 501 3004 599 3078; x_wconf 73' lang='lat' dir='ltr'>cuper</span> <span class='ocrx_word' id='word_1_199' title='bbox 621 3010 690 3055; x_wconf 86' lang='lat' dir='ltr'>sese</span> <span class='ocrx_word' id='word_1_200' title='bbox 711 3012 750 3054; x_wconf 88' lang='lat' dir='ltr'>ex</span> <span class='ocrx_word' id='word_1_201' title='bbox 771 2991 856 3055; x_wconf 82' lang='lat' dir='ltr'>coelo</span> <span class='ocrx_word' id='word_1_202' title='bbox 876 2992 1079 3056; x_wconf 86' lang='lat' dir='ltr'>descendisse</span> <span class='ocrx_word' id='word_1_203' title='bbox 1101 3000 1215 3076; x_wconf 66' lang='grc' dir='ltr'><em>πνεῦμα</em></span> <span class='ocrx_word' id='word_1_204' title='bbox 1234 3019 1281 3055; x_wconf 84' lang='grc' dir='ltr'>και</span> <span class='ocrx_word' id='word_1_205' title='bbox 1303 2992 1414 3075; x_wconf 77' lang='grc' dir='ltr'><em>δύναμιν</em></span> <span class='ocrx_word' id='word_1_206' title='bbox 1436 2993 1542 3056; x_wconf 86' lang='lat' dir='ltr'>Mosis</span> 
     </span>
     <span class='ocr_line' id='line_1_27' title="bbox 501 3076 1542 3165; baseline 0 -23"><span class='ocrx_word' id='word_1_207' title='bbox 501 3091 603 3164; x_wconf 79' lang='lat' dir='ltr'>atque</span> <span class='ocrx_word' id='word_1_208' title='bbox 617 3078 766 3156; x_wconf 83' lang='lat' dir='ltr'>Aaronis,</span> <span class='ocrx_word' id='word_1_209' title='bbox 782 3089 818 3142; x_wconf 86' lang='lat' dir='ltr'>ut</span> <span class='ocrx_word' id='word_1_210' title='bbox 833 3077 929 3163; x_wconf 75' lang='lat' dir='ltr'>plane·</span> <span class='ocrx_word' id='word_1_211' title='bbox 941 3076 1043 3142; x_wconf 87' lang='lat' dir='ltr'>iidem</span> <span class='ocrx_word' id='word_1_212' title='bbox 1063 3077 1118 3163; x_wconf 90' lang='lat' dir='ltr'>qui</span> <span class='ocrx_word' id='word_1_213' title='bbox 1141 3079 1201 3163; x_wconf 88' lang='lat' dir='ltr'>ipsi</span> <span class='ocrx_word' id='word_1_214' title='bbox 1223 3090 1309 3142; x_wconf 87' lang='lat' dir='ltr'>recte</span> <span class='ocrx_word' id='word_1_215' title='bbox 1328 3077 1451 3141; x_wconf 89' lang='lat' dir='ltr'>censeri</span> <span class='ocrx_word' id='word_1_216' title='bbox 1466 3099 1542 3165; x_wconf 92' lang='lat' dir='ltr'>pos·</span> 
     </span>
     <span class='ocr_line' id='line_1_28' title="bbox 502 3176 1538 3229; baseline -0.003 -1"><span class='ocrx_word' id='word_1_217' title='bbox 502 3176 587 3229; x_wconf 66' lang='lat' dir='ltr'>tent.</span> <span class='ocrx_word' id='word_1_218' title='bbox 1472 3200 1477 3206; x_wconf 97' lang='lat'>·</span> <span class='ocrx_word' id='word_1_219' title='bbox 1535 3220 1538 3225; x_wconf 78' lang='grc'>,</span> 
     </span>
     <span class='ocr_line' id='line_1_29' title="bbox 493 3245 1543 3395; baseline 0 -82"><span class='ocrx_word' id='word_1_220' title='bbox 493 3330 497 3337; x_wconf 26' lang='grc'><strong>,</strong></span> <span class='ocrx_word' id='word_1_221' title='bbox 547 3248 632 3314; x_wconf 91' lang='lat' dir='ltr'>Ibid.</span> <span class='ocrx_word' id='word_1_222' title='bbox 656 3253 680 3312; x_wconf 79' lang='lat' dir='ltr'>oi</span> <span class='ocrx_word' id='word_1_223' title='bbox 690 3249 824 3337; x_wconf 68' lang='lat' dir='ltr'>persipis</span> <span class='ocrx_word' id='word_1_224' title='bbox 838 3245 1035 3335; x_wconf 67' lang='grc' dir='ltr'>ωρεσὲότερω]</span> <span class='ocrx_word' id='word_1_225' title='bbox 1050 3249 1102 3311; x_wconf 84' lang='lat' dir='ltr'>lta</span> <span class='ocrx_word' id='word_1_226' title='bbox 1119 3247 1250 3395; x_wconf 55' lang='grc' dir='ltr'>Πυὶἀειη</span> <span class='ocrx_word' id='word_1_227' title='bbox 1265 3249 1367 3312; x_wconf 85' lang='lat' dir='ltr'>vocati</span> <span class='ocrx_word' id='word_1_228' title='bbox 1382 3249 1543 3314; x_wconf 89' lang='lat' dir='ltr'>interdum</span> 
     </span>
     <span class='ocr_line' id='line_1_30' title="bbox 501 3324 1543 3420; baseline 0.001 -21"><span class='ocrx_word' id='word_1_229' title='bbox 501 3324 520 3399; x_wconf 69' lang='grc' dir='ltr'><strong>ὁ</strong></span> <span class='ocrx_word' id='word_1_230' title='bbox 544 3334 648 3420; x_wconf 86' lang='lat' dir='ltr'>iseopi</span> <span class='ocrx_word' id='word_1_231' title='bbox 668 3335 701 3398; x_wconf 90' lang='lat' dir='ltr'>in</span> <span class='ocrx_word' id='word_1_232' title='bbox 723 3335 842 3398; x_wconf 89' lang='lat' dir='ltr'>saeculo</span> <span class='ocrx_word' id='word_1_233' title='bbox 861 3333 1005 3398; x_wconf 88' lang='lat' dir='ltr'>ecelesiae</span> <span class='ocrx_word' id='word_1_234' title='bbox 1021 3355 1117 3397; x_wconf 88' lang='lat' dir='ltr'>secun</span> <span class='ocrx_word' id='word_1_235' title='bbox 1142 3355 1174 3397; x_wconf 88' lang='grc' dir='ltr'>ο.</span> <span class='ocrx_word' id='word_1_236' title='bbox 1211 3331 1288 3397; x_wconf 86' lang='lat' dir='ltr'>Vid.</span> <span class='ocrx_word' id='word_1_237' title='bbox 1304 3354 1400 3418; x_wconf 85' lang='lat' dir='ltr'>supra</span> <span class='ocrx_word' id='word_1_238' title='bbox 1415 3335 1543 3400; x_wconf 81' lang='lat' dir='ltr'>Ertsr.</span> 
     </span>
     <span class='ocr_line' id='line_1_31' title="bbox 537 3418 1541 3505; baseline -0.003 -20"><span class='ocrx_word' id='word_1_239' title='bbox 537 3440 671 3486; x_wconf 71' lang='lat' dir='ltr'>oncis.</span> <span class='ocrx_word' id='word_1_240' title='bbox 698 3422 823 3484; x_wconf 80' lang='lat' dir='ltr'>Lucu.</span> <span class='ocrx_word' id='word_1_241' title='bbox 850 3420 890 3482; x_wconf 87' lang='lat' dir='ltr'>ad</span> <span class='ocrx_word' id='word_1_242' title='bbox 937 3441 989 3505; x_wconf 84' lang='lat' dir='ltr'>ag.</span> <span class='ocrx_word' id='word_1_243' title='bbox 1009 3432 1079 3496; x_wconf 83' lang='lat'><strong>392.</strong></span> <span class='ocrx_word' id='word_1_244' title='bbox 1099 3418 1160 3481; x_wconf 91' lang='lat' dir='ltr'>vol.</span> <span class='ocrx_word' id='word_1_245' title='bbox 1178 3420 1204 3483; x_wconf 91' lang='grc' dir='ltr'>Ι.</span> <span class='ocrx_word' id='word_1_246' title='bbox 1226 3430 1259 3481; x_wconf 90' lang='lat' dir='ltr'>et</span> <span class='ocrx_word' id='word_1_247' title='bbox 1281 3419 1436 3482; x_wconf 76' lang='lat' dir='ltr'>irenoeum</span> <span class='ocrx_word' id='word_1_248' title='bbox 1456 3419 1541 3483; x_wconf 84' lang='lat' dir='ltr'>Ado.</span> 
     </span>
     <span class='ocr_line' id='line_1_32' title="bbox 503 3441 1543 3589; baseline -0.002 -19"><span class='ocrx_word' id='word_1_249' title='bbox 503 3504 631 3570; x_wconf 78' lang='lat' dir='ltr'>Haeres&#39;.</span> <span class='ocrx_word' id='word_1_250' title='bbox 645 3505 701 3570; x_wconf 87' lang='lat' dir='ltr'>lib.</span> <span class='ocrx_word' id='word_1_251' title='bbox 717 3504 757 3569; x_wconf 79' lang='grc' dir='ltr'>ἰν.</span> <span class='ocrx_word' id='word_1_252' title='bbox 778 3528 806 3569; x_wconf 89' lang='lat' dir='ltr'>c.</span> <span class='ocrx_word' id='word_1_253' title='bbox 822 3517 872 3570; x_wconf 80' lang='grc'>43.</span> <span class='ocrx_word' id='word_1_254' title='bbox 891 3441 935 3569; x_wconf 52' lang='lat' dir='ltr'>al.)</span> <span class='ocrx_word' id='word_1_255' title='bbox 948 3511 997 3568; x_wconf 90' lang='grc'>26.</span> <span class='ocrx_word' id='word_1_256' title='bbox 1022 3503 1288 3589; x_wconf 84' lang='lat' dir='ltr'>Clementemque</span> <span class='ocrx_word' id='word_1_257' title='bbox 1303 3502 1357 3566; x_wconf 85' lang='lat' dir='ltr'>Al.</span> <span class='ocrx_word' id='word_1_258' title='bbox 1374 3503 1488 3567; x_wconf 86' lang='lat' dir='ltr'>Strom.</span> <span class='ocrx_word' id='word_1_259' title='bbox 1502 3503 1543 3568; x_wconf 89' lang='lat' dir='ltr'>vi.</span> 
     </span>
     <span class='ocr_line' id='line_1_33' title="bbox 501 3588 1544 3738; baseline -0.001 -82"><span class='ocrx_word' id='word_1_260' title='bbox 501 3606 575 3678; x_wconf 80' lang='lat' dir='ltr'>cap.</span> <span class='ocrx_word' id='word_1_261' title='bbox 591 3607 639 3655; x_wconf 87' lang='grc'>13.</span> <span class='ocrx_word' id='word_1_262' title='bbox 653 3591 710 3677; x_wconf 90' lang='lat' dir='ltr'>qui</span> <span class='ocrx_word' id='word_1_263' title='bbox 731 3603 840 3655; x_wconf 84' lang='lat' dir='ltr'>tamen</span> <span class='ocrx_word' id='word_1_264' title='bbox 860 3592 957 3654; x_wconf 90' lang='lat' dir='ltr'>ambo</span> <span class='ocrx_word' id='word_1_265' title='bbox 978 3589 1060 3654; x_wconf 88' lang='lat' dir='ltr'>inter</span> <span class='ocrx_word' id='word_1_266' title='bbox 1079 3589 1247 3676; x_wconf 89' lang='lat' dir='ltr'>episcopos</span> <span class='ocrx_word' id='word_1_267' title='bbox 1264 3598 1360 3676; x_wconf 88' lang='lat' dir='ltr'>atque</span> <span class='ocrx_word' id='word_1_268' title='bbox 1374 3588 1544 3738; x_wconf 71' lang='lat' dir='ltr'>presbpte·</span> 
     </span>
     <span class='ocr_line' id='line_1_34' title="bbox 502 3671 1545 3764; baseline -0.006 -19"><span class='ocrx_word' id='word_1_269' title='bbox 502 3684 557 3745; x_wconf 58' lang='grc' dir='ltr'>τοῦ</span> <span class='ocrx_word' id='word_1_270' title='bbox 581 3677 658 3741; x_wconf 84' lang='lat' dir='ltr'>alibi</span> <span class='ocrx_word' id='word_1_271' title='bbox 680 3688 789 3764; x_wconf 88' lang='lat' dir='ltr'>aperte</span> <span class='ocrx_word' id='word_1_272' title='bbox 809 3671 1022 3762; x_wconf 77' lang='lat' dir='ltr'>distinguunt.</span> <span class='ocrx_word' id='word_1_273' title='bbox 1067 3675 1145 3754; x_wconf 84' lang='lat' dir='ltr'>Adi,</span> <span class='ocrx_word' id='word_1_274' title='bbox 1165 3674 1301 3759; x_wconf 87' lang='lat' dir='ltr'>exempli</span> <span class='ocrx_word' id='word_1_275' title='bbox 1323 3674 1438 3761; x_wconf 85' lang='lat' dir='ltr'>gratia,</span> <span class='ocrx_word' id='word_1_276' title='bbox 1479 3698 1545 3740; x_wconf 86' lang='lat' dir='ltr'>ren.</span> 
     </span>
     <span class='ocr_line' id='line_1_35' title="bbox 501 3756 1544 3848; baseline -0.003 -20"><span class='ocrx_word' id='word_1_277' title='bbox 501 3756 561 3829; x_wconf 82' lang='lat' dir='ltr'>lib.</span> <span class='ocrx_word' id='word_1_278' title='bbox 573 3762 618 3828; x_wconf 89' lang='lat' dir='ltr'>iii.</span> <span class='ocrx_word' id='word_1_279' title='bbox 633 3782 704 3848; x_wconf 87' lang='lat' dir='ltr'>cap.</span> <span class='ocrx_word' id='word_1_280' title='bbox 720 3774 767 3826; x_wconf 86' lang='lat'>14.</span> <span class='ocrx_word' id='word_1_281' title='bbox 784 3776 817 3826; x_wconf 90' lang='lat' dir='ltr'>et</span> <span class='ocrx_word' id='word_1_282' title='bbox 831 3762 931 3826; x_wconf 81' lang='lat' dir='ltr'>Clem.</span> <span class='ocrx_word' id='word_1_283' title='bbox 945 3762 1000 3826; x_wconf 88' lang='lat' dir='ltr'>Al.</span> <span class='ocrx_word' id='word_1_284' title='bbox 1019 3761 1091 3847; x_wconf 91' lang='lat' dir='ltr'>ipso</span> <span class='ocrx_word' id='word_1_285' title='bbox 1106 3761 1221 3825; x_wconf 91' lang='lat' dir='ltr'>eodem</span> <span class='ocrx_word' id='word_1_286' title='bbox 1237 3761 1322 3824; x_wconf 91' lang='lat' dir='ltr'>loco.</span> <span class='ocrx_word' id='word_1_287' title='bbox 1368 3760 1454 3824; x_wconf 91' lang='lat' dir='ltr'>Cum</span> <span class='ocrx_word' id='word_1_288' title='bbox 1469 3780 1544 3825; x_wconf 90' lang='lat' dir='ltr'>vero</span> 
     </span>
     <span class='ocr_line' id='line_1_36' title="bbox 502 3846 1545 3932; baseline -0.003 -19"><span class='ocrx_word' id='word_1_289' title='bbox 502 3848 601 3913; x_wconf 80' lang='lat' dir='ltr'>tertio</span> <span class='ocrx_word' id='word_1_290' title='bbox 619 3848 683 3912; x_wconf 85' lang='lat' dir='ltr'>hoc</span> <span class='ocrx_word' id='word_1_291' title='bbox 704 3849 824 3912; x_wconf 83' lang='lat' dir='ltr'>saeculo</span> <span class='ocrx_word' id='word_1_292' title='bbox 836 3848 886 3911; x_wconf 86' lang='lat' dir='ltr'>vix</span> <span class='ocrx_word' id='word_1_293' title='bbox 900 3863 933 3911; x_wconf 90' lang='lat' dir='ltr'>et</span> <span class='ocrx_word' id='word_1_294' title='bbox 947 3869 987 3911; x_wconf 92' lang='lat' dir='ltr'>ne</span> <span class='ocrx_word' id='word_1_295' title='bbox 1000 3848 1051 3912; x_wconf 85' lang='lat' dir='ltr'>vix</span> <span class='ocrx_word' id='word_1_296' title='bbox 1066 3847 1196 3932; x_wconf 89' lang='lat' dir='ltr'>quidem</span> <span class='ocrx_word' id='word_1_297' title='bbox 1215 3846 1359 3930; x_wconf 88' lang='lat' dir='ltr'>singulus</span> <span class='ocrx_word' id='word_1_298' title='bbox 1374 3846 1545 3932; x_wconf 84' lang='lat' dir='ltr'>episcopus</span> 
     </span>
     <span class='ocr_line' id='line_1_37' title="bbox 503 3931 1545 4022; baseline -0.003 -23"><span class='ocrx_word' id='word_1_299' title='bbox 503 3934 675 4022; x_wconf 78' lang='lat' dir='ltr'>presbyter</span> <span class='ocrx_word' id='word_1_300' title='bbox 688 3935 889 4014; x_wconf 82' lang='lat' dir='ltr'>vocitaretur,</span> <span class='ocrx_word' id='word_1_301' title='bbox 904 3932 1118 3999; x_wconf 84' lang='lat' dir='ltr'>dubitandum</span> <span class='ocrx_word' id='word_1_302' title='bbox 1139 3946 1200 4009; x_wconf 90' lang='lat' dir='ltr'>est,</span> <span class='ocrx_word' id='word_1_303' title='bbox 1220 3944 1329 3994; x_wconf 89' lang='lat' dir='ltr'>utrum</span> <span class='ocrx_word' id='word_1_304' title='bbox 1350 3931 1447 3994; x_wconf 88' lang='lat' dir='ltr'>etiam</span> <span class='ocrx_word' id='word_1_305' title='bbox 1470 3931 1545 4019; x_wconf 92' lang='lat' dir='ltr'>plu-</span> 
     </span>
     <span class='ocr_line' id='line_1_38' title="bbox 503 4014 1544 4166; baseline -0.001 -83"><span class='ocrx_word' id='word_1_306' title='bbox 503 4034 554 4098; x_wconf 73' lang='lat' dir='ltr'>tes</span> <span class='ocrx_word' id='word_1_307' title='bbox 569 4020 713 4106; x_wconf 88' lang='lat' dir='ltr'>episcopi</span> <span class='ocrx_word' id='word_1_308' title='bbox 736 4019 770 4083; x_wconf 89' lang='lat' dir='ltr'>in</span> <span class='ocrx_word' id='word_1_309' title='bbox 791 4042 903 4099; x_wconf 90' lang='lat' dir='ltr'>unum,</span> <span class='ocrx_word' id='word_1_310' title='bbox 919 4019 984 4083; x_wconf 89' lang='lat' dir='ltr'>sive</span> <span class='ocrx_word' id='word_1_311' title='bbox 1003 4019 1036 4080; x_wconf 92' lang='lat' dir='ltr'>in</span> <span class='ocrx_word' id='word_1_312' title='bbox 1048 4016 1239 4166; x_wconf 83' lang='lat' dir='ltr'>provinciali</span> <span class='ocrx_word' id='word_1_313' title='bbox 1253 4016 1401 4096; x_wconf 87' lang='lat' dir='ltr'>concili0,</span> <span class='ocrx_word' id='word_1_314' title='bbox 1416 4014 1544 4082; x_wconf 76' lang='lat' dir='ltr'>collecti</span> 
     </span>
     <span class='ocr_line' id='line_1_39' title="bbox 503 4100 1544 4190; baseline 0 -21"><span class='ocrx_word' id='word_1_315' title='bbox 503 4104 551 4170; x_wconf 73' lang='lat' dir='ltr'>ita&#39;</span> <span class='ocrx_word' id='word_1_316' title='bbox 567 4105 743 4190; x_wconf 86' lang='lat' dir='ltr'>nuncupari</span> <span class='ocrx_word' id='word_1_317' title='bbox 758 4119 828 4168; x_wconf 89' lang='lat' dir='ltr'>tum</span> <span class='ocrx_word' id='word_1_318' title='bbox 843 4104 996 4190; x_wconf 85' lang='lat' dir='ltr'>temporis</span> <span class='ocrx_word' id='word_1_319' title='bbox 1011 4125 1047 4166; x_wconf 90' lang='lat' dir='ltr'>so</span> <span class='ocrx_word' id='word_1_320' title='bbox 1061 4114 1172 4180; x_wconf 84' lang='lat' dir='ltr'>erent3</span> <span class='ocrx_word' id='word_1_321' title='bbox 1195 4101 1255 4165; x_wconf 87' lang='lat' dir='ltr'>etsi</span> <span class='ocrx_word' id='word_1_322' title='bbox 1277 4100 1318 4165; x_wconf 92' lang='lat' dir='ltr'>de</span> <span class='ocrx_word' id='word_1_323' title='bbox 1334 4104 1544 4169; x_wconf 84' lang='lat' dir='ltr'>antecessori·</span> 
     </span>
     <span class='ocr_line' id='line_1_40' title="bbox 504 4178 1544 4275; baseline -0.001 -20"><span class='ocrx_word' id='word_1_324' title='bbox 504 4178 567 4271; x_wconf 77' lang='lat' dir='ltr'>b&#39;us</span> <span class='ocrx_word' id='word_1_325' title='bbox 587 4190 654 4254; x_wconf 86' lang='lat' dir='ltr'>suis</span> <span class='ocrx_word' id='word_1_326' title='bbox 671 4191 716 4254; x_wconf 85' lang='lat' dir='ltr'>ita</span> <span class='ocrx_word' id='word_1_327' title='bbox 735 4190 863 4254; x_wconf 88' lang='lat' dir='ltr'>locutus</span> <span class='ocrx_word' id='word_1_328' title='bbox 885 4211 955 4253; x_wconf 89' lang='lat' dir='ltr'>esse</span> <span class='ocrx_word' id='word_1_329' title='bbox 976 4187 1155 4275; x_wconf 81' lang='lat' dir='ltr'>Dienysius</span> <span class='ocrx_word' id='word_1_330' title='bbox 1170 4186 1435 4251; x_wconf 83' lang='lat' dir='ltr'>Alexandrinuse</span> <span class='ocrx_word' id='word_1_331' title='bbox 1460 4190 1544 4254; x_wconf 88' lang='lat' dir='ltr'>isco·</span> 
     </span>
     <span class='ocr_line' id='line_1_41' title="bbox 504 4272 1544 4372; baseline -0.006 -31"><span class='ocrx_word' id='word_1_332' title='bbox 504 4290 566 4362; x_wconf 75' lang='lat' dir='ltr'>pus</span> <span class='ocrx_word' id='word_1_333' title='bbox 594 4275 901 4362; x_wconf 76' lang='lat' dir='ltr'>videtur.--ororpd</span> <span class='ocrx_word' id='word_1_334' title='bbox 925 4280 979 4338; x_wconf 76' lang='grc' dir='ltr'>τῶν</span> <span class='ocrx_word' id='word_1_335' title='bbox 1007 4273 1067 4357; x_wconf 77' lang='lat' dir='ltr'>erpi</span> <span class='ocrx_word' id='word_1_336' title='bbox 1096 4278 1181 4356; x_wconf 68' lang='grc' dir='ltr'>ἡμῶν,</span> <span class='ocrx_word' id='word_1_337' title='bbox 1207 4272 1328 4372; x_wconf 67' lang='lat' dir='ltr'>inquit,⁸</span> <span class='ocrx_word' id='word_1_338' title='bbox 1346 4299 1406 4361; x_wconf 73' lang='lat' dir='ltr'>erge</span> <span class='ocrx_word' id='word_1_339' title='bbox 1445 4273 1544 4360; x_wconf 73' lang='lat' dir='ltr'>erigor</span> 
     </span>
     <span class='ocr_line' id='line_1_42' title="bbox 501 4356 1544 4446; baseline -0.004 -21"><span class='ocrx_word' id='word_1_340' title='bbox 501 4361 588 4425; x_wconf 69' lang='grc' dir='ltr'>τύπον</span> <span class='ocrx_word' id='word_1_341' title='bbox 603 4362 651 4424; x_wconf 73' lang='grc' dir='ltr'>καὶ</span> <span class='ocrx_word' id='word_1_342' title='bbox 667 4362 766 4424; x_wconf 77' lang='grc' dir='ltr'><strong><em>κανόνα</em></strong></span> <span class='ocrx_word' id='word_1_343' title='bbox 781 4361 1029 4446; x_wconf 69' lang='grc' dir='ltr'><em>παρειλῆφοτες,α</em></span> <span class='ocrx_word' id='word_1_344' title='bbox 1054 4357 1098 4422; x_wconf 89' lang='lat' dir='ltr'>ud</span> <span class='ocrx_word' id='word_1_345' title='bbox 1118 4357 1152 4421; x_wconf 88' lang='lat' dir='ltr'>S.</span> <span class='ocrx_word' id='word_1_346' title='bbox 1166 4356 1320 4422; x_wconf 81' lang='lat' dir='ltr'>Basillum</span> <span class='ocrx_word' id='word_1_347' title='bbox 1336 4360 1387 4422; x_wconf 94' lang='grc' dir='ltr'>Μ.</span> <span class='ocrx_word' id='word_1_348' title='bbox 1404 4358 1476 4422; x_wconf 81' lang='lat' dir='ltr'>Lib.</span> <span class='ocrx_word' id='word_1_349' title='bbox 1493 4359 1544 4421; x_wconf 87' lang='lat' dir='ltr'>De</span> 
     </span>
     <span class='ocr_line' id='line_1_43' title="bbox 505 4440 1545 4532; baseline -0.005 -22"><span class='ocrx_word' id='word_1_350' title='bbox 505 4446 630 4532; x_wconf 80' lang='lat' dir='ltr'>Spiritu</span> <span class='ocrx_word' id='word_1_351' title='bbox 645 4446 756 4510; x_wconf 82' lang='lat' dir='ltr'>Sancto</span> <span class='ocrx_word' id='word_1_352' title='bbox 772 4467 841 4531; x_wconf 78' lang='lat' dir='ltr'>cap.</span> <span class='ocrx_word' id='word_1_353' title='bbox 858 4445 979 4532; x_wconf 88' lang='lat' dir='ltr'>penult.</span> <span class='ocrx_word' id='word_1_354' title='bbox 1047 4440 1245 4530; x_wconf 86' lang='lat' dir='ltr'>onjecturam</span> <span class='ocrx_word' id='word_1_355' title='bbox 1261 4444 1338 4508; x_wconf 89' lang='lat' dir='ltr'>facit</span> <span class='ocrx_word' id='word_1_356' title='bbox 1351 4444 1391 4506; x_wconf 87' lang='lat' dir='ltr'>cl.</span> <span class='ocrx_word' id='word_1_357' title='bbox 1408 4442 1545 4506; x_wconf 86' lang='lat' dir='ltr'>Moshe-</span> 
     </span>
     <span class='ocr_line' id='line_1_44' title="bbox 504 4528 1545 4617; baseline -0.004 -21"><span class='ocrx_word' id='word_1_358' title='bbox 504 4532 590 4598; x_wconf 84' lang='lat' dir='ltr'>mius</span> <span class='ocrx_word' id='word_1_359' title='bbox 604 4531 644 4596; x_wconf 82' lang='lat' dir='ltr'>ad</span> <span class='ocrx_word' id='word_1_360' title='bbox 659 4533 765 4617; x_wconf 89' lang='lat' dir='ltr'>operis</span> <span class='ocrx_word' id='word_1_361' title='bbox 779 4532 876 4616; x_wconf 88' lang='lat' dir='ltr'>paulo</span> <span class='ocrx_word' id='word_1_362' title='bbox 891 4552 988 4616; x_wconf 89' lang='lat' dir='ltr'>supra</span> <span class='ocrx_word' id='word_1_363' title='bbox 1001 4529 1122 4594; x_wconf 85' lang='lat' dir='ltr'>laudati</span> <span class='ocrx_word' id='word_1_364' title='bbox 1136 4550 1212 4616; x_wconf 85' lang='lat' dir='ltr'>pag.</span> <span class='ocrx_word' id='word_1_365' title='bbox 1225 4535 1295 4593; x_wconf 84' lang='lat'><strong>683.</strong></span> <span class='ocrx_word' id='word_1_366' title='bbox 1315 4528 1454 4591; x_wconf 87' lang='lat' dir='ltr'>caruisse</span> <span class='ocrx_word' id='word_1_367' title='bbox 1474 4541 1545 4592; x_wconf 90' lang='lat' dir='ltr'>tum</span> 
     </span>
     <span class='ocr_line' id='line_1_45' title="bbox 504 4611 1619 4704; baseline -0.004 -22"><span class='ocrx_word' id='word_1_368' title='bbox 504 4618 631 4697; x_wconf 88' lang='lat' dir='ltr'>urbem,</span> <span class='ocrx_word' id='word_1_369' title='bbox 645 4618 679 4682; x_wconf 92' lang='lat' dir='ltr'>in</span> <span class='ocrx_word' id='word_1_370' title='bbox 695 4640 760 4704; x_wconf 89' lang='lat' dir='ltr'>qua</span> <span class='ocrx_word' id='word_1_371' title='bbox 772 4619 901 4682; x_wconf 89' lang='lat' dir='ltr'>Noetus</span> <span class='ocrx_word' id='word_1_372' title='bbox 915 4616 1049 4694; x_wconf 83' lang='lat' dir='ltr'>vivebat,</span> <span class='ocrx_word' id='word_1_373' title='bbox 1064 4614 1227 4701; x_wconf 88' lang='lat' dir='ltr'>episcopo.</span> <span class='ocrx_word' id='word_1_374' title='bbox 1256 4611 1334 4678; x_wconf 75' lang='lat' dir='ltr'>sed</span> <span class='ocrx_word' id='word_1_375' title='bbox 1348 4625 1454 4698; x_wconf 91' lang='lat' dir='ltr'>potest</span> <span class='ocrx_word' id='word_1_376' title='bbox 1467 4612 1545 4692; x_wconf 86' lang='lat' dir='ltr'>fieri,</span> <span class='ocrx_word' id='word_1_377' title='bbox 1611 4626 1619 4639; x_wconf 87' lang='lat'><strong><em>‘</em></strong></span> 
     </span>
     <span class='ocr_line' id='line_1_46' title="bbox 505 4697 1545 4790; baseline -0.004 -22"><span class='ocrx_word' id='word_1_378' title='bbox 505 4714 543 4768; x_wconf 76' lang='lat' dir='ltr'>ut</span> <span class='ocrx_word' id='word_1_379' title='bbox 562 4717 629 4770; x_wconf 84' lang='lat' dir='ltr'>tam</span> <span class='ocrx_word' id='word_1_380' title='bbox 651 4703 805 4790; x_wconf 88' lang='lat' dir='ltr'>episeopo</span> <span class='ocrx_word' id='word_1_381' title='bbox 828 4701 928 4782; x_wconf 86' lang='lat' dir='ltr'>urbis,</span> <span class='ocrx_word' id='word_1_382' title='bbox 942 4722 1039 4788; x_wconf 87' lang='lat' dir='ltr'>quam</span> <span class='ocrx_word' id='word_1_383' title='bbox 1061 4699 1268 4789; x_wconf 87' lang='lat' dir='ltr'>presbyteris,</span> <span class='ocrx_word' id='word_1_384' title='bbox 1282 4697 1462 4764; x_wconf 90' lang='lat' dir='ltr'>constiterit</span> <span class='ocrx_word' id='word_1_385' title='bbox 1481 4698 1545 4764; x_wconf 86' lang='lat' dir='ltr'>hoe</span> 
     </span>
    </p>
   </div>
   <div class='ocr_carea' id='block_1_4' title="bbox 0 0 2060 5675">
    <p class='ocr_par' dir='ltr' id='par_1_6' title="bbox 0 0 2060 5675">
     <span class='ocr_line' id='line_1_47' title="bbox 0 0 2060 5675; baseline 0 0"><span class='ocrx_word' id='word_1_386' title='bbox 0 0 2060 5675; x_wconf 95' lang='lat' dir='ltr'> </span> 
     </span>
    </p>
   </div>
  </div>
 </body>
</html>
