4092 5675
514 804 1354 875 1110101111.1111111111110111111.
1389 829 1454 898 419

417 991 554 1066 geretur
578 978 628 1044 vel
652 978 778 1044 initium
805 977 968 1065 gallicinii,
991 1000 1048 1043 seu
1072 979 1174 1043 tertiae
1200 980 1303 1044 noctis
1325 980 1455 1067 vigiliae,

417 1087 497 1154 quae
512 1064 641 1152 quidem
656 1064 697 1128 ab
711 1065 791 1129 hora
808 1079 916 1129 nostra
929 1064 1120 1129 duodecima
1134 1080 1288 1130 nocturna
1302 1066 1454 1153 incipiens

416 1173 499 1216 cum
520 1151 615 1215 tertia
636 1151 794 1214 matutina
815 1148 930 1214 desinit
942 1173 951 1228 3
974 1152 1078 1236 magis
1099 1171 1172 1214 vero
1194 1150 1394 1231 crediderim,
1416 1168 1456 1219 ut

417 1236 617 1323 supradixi,
641 1237 804 1300 Romanos
823 1235 894 1299 illos
918 1235 1056 1299 secunda
1078 1236 1238 1319 gallicinia
1260 1251 1455 1323 expectasse,

417 1342 486 1387 sive
500 1335 648 1406 quartam
664 1321 802 1407 vigiliam
816 1344 826 1401 3
851 1320 1016 1385 Christum
1031 1322 1116 1385 enim
1134 1344 1227 1385 mane
1249 1323 1458 1388 resurrexisse

415 1405 528 1471 latini
539 1407 693 1471 ferebant.

458 1493 495 1556 P.
503 1507 573 1570 390.
586 1493 609 1557 1.
625 1505 672 1569 17.
688 1492 883 1579 διενοχλῶμεν]
896 1493 946 1555 lta
958 1490 1031 1555 Cod.
1044 1505 1109 1556 185.
1122 1492 1243 1579 duoque
1257 1492 1454 1559 Coisliniani.

415 1577 478 1642 sed
502 1576 580 1641 editi
606 1581 772 1664 ὃιοχλῶμεν.
812 1579 952 1641 Zonaras
974 1590 1082 1641 autem
1103 1591 1135 1642 et
1149 1578 1309 1642 Aristiuus
1327 1582 1456 1666 ἐνοχλῶ-

415 1687 470 1748 par
485 1662 641 1728 invenisse
655 1666 689 1727 in
705 1663 770 1727 suis
784 1663 949 1727 codicibus
963 1661 1119 1728 videntur.

462 1748 498 1811 Ρ.
510 1761 581 1826 391.
597 1750 619 1812 l.
633 1764 661 1813 2.
685 1750 770 1829 οἱμὲν
786 1749 949 1824 110101άοος
967 1748 1156 1836 ύπερτιθέασιν
1168 1747 1259 1813 ἄσιτοι
1280 1753 1455 1824 taurosum

415 1839 487 1895 -oi
500 1834 528 1896 δὲ
543 1833 669 1917 iiaplor]
685 1836 877 1921 Quanquam
898 1834 937 1898 de
952 1834 1096 1922 jejuniis,
1113 1859 1184 1935 quae
1198 1836 1452 1920 superpositiones

416 1917 630 2004 appellantur,
645 1920 798 1983 nonnulla
813 1921 918 1983 obiter
932 1920 1018 1984 dicta
1035 1934 1109 1985 sunt
1127 1944 1159 1985 111
1177 1921 1454 1986 Annotationibus

414 2001 451 2068 in
480 2001 641 2069 Concu.
668 2005 793 2069 Luan.
819 2006 860 2070 ad
883 2006 993 2070 vall.
1016 2027 1049 2091 p.
1066 2018 1136 2086 397,
1152 2020 1223 2086 399,
1240 2019 1309 2083 407.
1332 2007 1387 2071 ubi
1410 2003 1454 2070 ad

414 2107 496 2176 pag.
507 2103 577 2174 399.
592 2103 678 2156 recte
695 2090 742 2155 ait
761 2091 920 2170 Valesius,
936 2112 1000 2153 non
1022 2113 1091 2155 esse
1111 2114 1205 2154 ovum
1226 2113 1285 2154 ovo
1306 2090 1453 2170 similius,

415 2195 518 2262 quam
539 2189 614 2240 sunt
635 2177 716 2240 inter
734 2198 768 2239 se
792 2176 907 2239 similia
926 2176 996 2239 loca
1016 2176 1128 2240 Irenaei
1143 2198 1180 2239 ac
1193 2176 1355 2262 Dionysii,
1369 2175 1453 2240 adeo

415 2271 455 2324 ut
469 2259 658 2348 Dionysius,
672 2283 748 2326 cum
769 2260 837 2324 haec
856 2261 1018 2340 scriberet,
1034 2262 1147 2325 lrenaei
1160 2262 1268 2325 locum
1289 2262 1322 2324 in
1343 2275 1453 2326 mente

414 2343 568 2409 habuisse
580 2346 722 2411 videatur
727 2371 736 2425 3
752 2346 873 2433 aliquid
887 2346 1081 2432 subjungere
1094 2347 1252 2426 convenit,
1261 2360 1326 2411 tam
1340 2347 1380 2411 de
1392 2371 1454 2411 no-

413 2430 505 2494 mine
527 2429 580 2495 hic
605 2433 745 2519 primum
766 2432 911 2495 adhibito
934 2454 1030 2518 quam
1055 2432 1095 2495 de
1119 2455 1153 2495 re
1178 2433 1452 2519 superpositionis.

413 2515 612 2604 'lbigbroua
631 2519 746 2582 Latina
766 2517 901 2581 ecclesia
918 2517 1004 2581 dicta
1022 2518 1232 2603 superpositio,
1247 2541 1322 2582 cum
1336 2540 1375 2583 ex
1388 2519 1453 2583 hoc

413 2599 503 2681 loeo,
520 2613 588 2666 turn
604 2623 677 2668 vero
693 2625 731 2667 ex
746 2603 825 2681 aliis,
840 2603 902 2667 diei
917 2624 985 2667 esse
998 2604 1122 2667 videtur
1136 2603 1209 2668 cibo
1227 2605 1452 2690 superpositio,

414 2685 482 2750 sive
499 2687 661 2788 jejunium
681 2688 766 2753 ultra
780 2689 914 2770 ¹solitum
934 2703 1061 2774 tempus
1078 2689 1293 2768 celebratum3
1315 2703 1348 2753 et
1364 2689 1454 2776 jeju-

413 2772 513 2837 nandi
527 2773 669 2839 extitisse
683 2776 800 2839 modus
814 2775 1040 2855 severissimus,
1056 2775 1132 2839 dum
1149 2774 1233 2840 diem
1249 2790 1453 2863 noctemque,

373 2904 378 2911 -
413 2857 483 2922 11110
497 2870 530 2923 et
545 2859 736 2946 quandoque
751 2862 928 2947 perplures
942 2861 1009 2924 dies
1024 2884 1061 2924 ac
1076 2876 1198 2940 noctes,
1210 2861 1301 2924 doun
1317 2863 1453 2926 διετέλεν.

413 2942 468 3007 lta
482 2945 666 3011 Victorinus
677 2947 710 3009 in
724 2949 748 3010 F
749 2962 917 3033 ragmeuto
931 2949 980 3009 De
993 2946 1123 3011 Fabrico
1139 2948 1256 3010 lllundi
1270 2969 1289 3010 a
1305 2947 1403 3012 Cavio
1418 2948 1453 3012 in

413 3028 505 3093 Hist.
518 3029 583 3094 Lit.
595 3043 675 3095 tom.
689 3033 715 3097 Ι.
728 3033 867 3116 primurn
884 3032 1166 3118 edit0,—quaro
1176 3056 1271 3118 usque
1287 3034 1329 3096 ad
1343 3034 1451 3097 liorem

412 3136 529 3179 nonam
542 3116 731 3201 jejunemus,
756 3116 905 3197 (addend.
930 3121 995 3197 ant)
1021 3139 1117 3202 usque
1142 3119 1184 3181 ad
1205 3133 1372 3202 uesperam,
1395 3128 1452 3201 ortt

413 3202 629 3287 superpositio
645 3203 783 3289 usquein
797 3202 929 3266 alterurn
944 3201 1107 3288 alienafiat.
1129 3205 1161 3264 V
1162 3203 1205 3266 id.
1221 3218 1254 3265 et
1270 3225 1358 3289 seqq.
1395 3208 1449 3282 Et,

413 3285 506 3434 puod
521 3286 562 3350 ad
577 3306 643 3350 rem
658 3288 745 3351 illam
761 3288 905 3373 apprime
920 3288 1005 3365 facit,
1022 3310 1095 3372 quae
1113 3309 1207 3372 supra
1226 3288 1267 3350 ad
1287 3287 1450 3355 Cancro.

445 3392 540 3435 uon.
563 3385 698 3438 tractata
718 3388 778 3451 est,
797 3374 829 3437 in
849 3373 994 3436 Passione
1014 3373 1072 3436 SS.
1090 3372 1208 3451 Jocott,
1227 3374 1372 3436 Mariani
1389 3376 1448 3438 810.

413 3456 533 3520 dicitur
553 3458 745 3522 AEmilianus
768 3460 812 3522 vir
834 3474 962 3522 sanctus
988 3458 1175 3521 continuatis
1198 3458 1230 3520 ia
1256 3481 1451 3545 001001080-

412 3542 501 3606 mina
516 3544 752 3628 superpositione
763 3544 1047 3628 jejuniis—succ
1061 3543 1186 3607 visionis
1200 3544 1381 3630 patefecisse
1396 3569 1450 3606 ar·-

413 3648 503 3691 cona.
530 3630 561 3711 ξ.
576 3643 605 3692 8.
620 3651 652 3715 p.
666 3636 736 3693 226.
752 3633 824 3692 Act.
845 3631 988 3716 Martyr.
1009 3629 1125 3692 Sincer.
1146 3640 1176 3692 ot
1199 3627 1348 3694 selecta
1369 3631 1448 3693 Rui-

412 3726 506 3777 narto
521 3714 598 3777 edit.
630 3718 673 3779 Et
697 3715 873 3799 mologicas
892 3732 999 3778 autem
1020 3715 1159 3778 rationes
1179 3715 1272 3778 nobis
1287 3715 1451 3800 praebente¹

412 3796 571 3862 Salmasio
587 3800 618 3862 in
634 3803 663 3863 P
678 3800 791 3864 inianis
802 3801 942 3864 Exercit.
958 3800 1074 3885 capii.
1092 3822 1167 3888 pag.
1180 3814 1249 3878 229.
1267 3801 1449 3865 Gulielmus

412 3882 590 3969 Hooperus
612 3886 782 3971 episcopus
802 3886 1110 3963 Batlro-Wellensis,
1126 3887 1211 3951 hunc
1233 3886 1383 3972 Dionysii
1398 3886 1447 3950 lo-

412 3988 488 4032 cum
514 3970 555 4033 ab
578 3971 647 4034 aliis
670 3993 835 4056 perperam
858 3971 1056 4035 intellectum
1079 3971 1111 4034 in
1133 3971 1284 4034 Tractatu
1310 3970 1449 4057 Anglice

411 4055 533 4140 scripto
550 4056 600 4118 De
618 4056 863 4142 Quadragesima
878 4058 922 4121 ita
935 4059 1057 4142 optime
1072 4057 1219 4141 exposuit
1232 4068 1314 4142 part.
1330 4058 1358 4120 1.
1374 4078 1403 4120 c.
1418 4058 1448 4121 ν.

412 4140 443 4221 ξ.
467 4154 514 4202 11.
543 4142 689 4205 “Tradit
713 4142 890 4228 Dionysius
915 4142 1084 4205 nonnullos
1109 4142 1206 4205 luisse
1234 4141 1447 4222 Christianos,

410 4230 434 4263 “
451 4224 508 4310 qui
533 4226 606 4290 cibo
629 4227 838 4291 abstinuerint
860 4228 960 4306 omni,
985 4227 1049 4289 sive
1070 4248 1125 4290 sex
1147 4227 1213 4289 (lies
1235 4239 1308 4290 ante
1329 4228 1449 4313 pascha

410 4315 434 4349 “
449 4312 694 4395 superposueriut
701 4313 736 4390 ,·''
755 4313 800 4391 (h.
813 4334 841 4375 e.
853 4335 891 4375 ex
905 4312 1047 4375 versione
1062 4312 1193 4397 quidem
1207 4311 1365 4398 Hooperi,
1377 4314 1449 4377 An·

408 4394 499 4482 glice
511 4397 624 4480 passed
636 4421 715 4476 over,
728 4413 761 4461 et
772 4420 829 4482 pro
848 4398 1045 4483 expositione
1061 4396 1204 4496 ejusdem
1220 4399 1287 4476 viri,
1299 4413 1450 4485 proroga·

408 4480 523 4545 verint.
547 4483 624 4544 Non
641 4483 724 4545 enim
737 4483 895 4570 jejunium
912 4497 1147 4568 superponitur,
1163 4483 1344 4568 irsprluswi,
1360 4484 1450 4568 quod

404 4564 525 4654 jejunii
541 4567 652 4638 dilatio
668 4585 752 4632 esset
766 4570 829 4630 sive
845 4570 1020 4654 suspensio,
1037 4568 1090 4632 sed
1106 4568 1184 4630 dies
1230 4568 1313 4630 Cibo
1323 4567 1449 4633 dicitur

408 4653 598 4736 superponi,
613 4655 658 4715 ait
674 4654 858 4731 Salmasius,
875 4654 964 4739 quod
978 4666 1027 4716 est
1045 4653 1229 4751 jejuniam.)
1256 4658 1279 4690 “
1290 4652 1368 4716 alios
1389 4676 1448 4717 au-

408 4744 432 4776 “
448 4750 517 4801 tem
533 4738 685 4817 extitisse,
699 4741 753 4824 qni
768 4753 905 4826 quatuor
919 4739 998 4817 dies,
1013 4739 1092 4802 alios
1112 4739 1169 4829 qui
1190 4754 1264 4817 tres,
1280 4737 1358 4803 alios
1377 4758 1449 4808 rur·-

891 4838 971 4888 102
