4092 5675
531 767 585 835 IN
598 764 821 834 AFRICANI
835 764 971 832 EPIST.
984 763 1052 832 AD
1066 764 1331 835 ARISTIDEM.
1387 790 1450 859 229

406 987 409 992 -
456 937 488 1004 P.
503 955 572 1005 122.
586 938 609 1004 l.
622 951 652 1016 7.
674 938 814 1023 ἐνέπρησεν
836 941 927 1002 αὐτῶν
951 943 1003 1013 τὰς
1027 943 1205 1027 ἀναγραφὰς]
1232 942 1328 1006 Hanc
1351 942 1450 1010 etiam

359 1067 366 1098 -,
422 1026 625 1090 renationem
646 1048 759 1112 parum
779 1037 900 1088 certam
922 1025 1082 1090 existimo.
1126 1028 1214 1092 Nam
1227 1028 1390 1113 Josepbus
1414 1029 1449 1095 in

415 1107 491 1178 libro
519 1112 563 1176 de
589 1113 660 1176 vita'
673 1134 731 1176 sua
756 1111 915 1196 originem
937 1127 971 1174 et
996 1111 1219 1198 antiquitatem
1248 1114 1354 1199 stirpis
1381 1137 1449 1180 suae

410 1218 679 1277 commemorans,
700 1219 740 1260 ex
761 1197 898 1283 publicis
919 1196 1054 1262 archivis
1076 1219 1147 1261 eam
1169 1199 1297 1284 repetit.
1342 1200 1450 1286 Igitur

406 1285 574 1350 restabant
595 1284 701 1348 adhuc
723 1295 819 1347 aetate
838 1283 974 1368 Joscphi
995 1283 1125 1368 publica
1146 1284 1312 1365 tabularia,
1328 1285 1360 1351 in
1376 1286 1449 1373 qui-

405 1367 468 1436 bus
487 1368 698 1434 Judei'carum
717 1369 910 1433 familiarum
932 1370 1073 1455 origines
1095 1371 1352 1437 continebantur.
1396 1372 1450 1438 Ac

404 1455 546 1541 proinde
560 1455 675 1520 falsum
692 1469 747 1520 est·
756 1454 923 1518 Herodem
938 1477 977 1520 ea
990 1456 1217 1520 combussisse.
1264 1460 1362 1522 Porro
1377 1457 1450 1524 haec

403 1540 568 1608 tabularia
588 1554 679 1606 erant
699 1541 732 1604 in
754 1540 877 1627 templo
899 1541 1197 1629 Hierosolymitano
1220 1543 1280 1608 sub
1302 1544 1451 1609 custodia

402 1626 599 1703 scribarum,
612 1642 649 1692 ut
664 1627 815 1713 equidem
830 1626 989 1691 existimo.
1035 1629 1149 1713 Itaque
1170 1628 1293 1715 optime
1315 1630 1460 1695 Rufinus.

403 1713 505 1778 verba
521 1713 667 1784 Africani
686 1714 732 1777 ita
751 1714 865 1777 vertit:
890 1735 991 1777 ornnes
1012 1712 1217 1778 Hclrceorum
1237 1715 1459 1802 generationes.

401 1797 585 1884 descriptae,
600 1799 634 1864 in
648 1798 780 1882 archivis
797 1797 906 1883 templi
920 1798 1129 1864 secretioribus
1151 1800 1351 1867 habebantur.
1373 1803 1450 1868 Va·

402 1905 562 1950 aestus.

442 1963 537 2037 ibid.
553 1970 577 2036 l.
595 1986 642 2034 10.
664 1969 902 2059 harpornhrirooc]
919 1972 1055 2037 Mallem
1080 1972 1218 2037 scribere
1236 1974 1451 2060 ἆξχιπροσηλό-

403 2079 469 2131 τους
494 2070 534 2124 ut
559 2080 598 2122 su
620 2077 665 2122 ra.
717 2060 836 2145 Neque
862 2059 949 2124 enim
975 2058 1016 2123 de
1041 2059 1172 2124 noviciis
1199 2081 1237 2123 ac
1266 2062 1450 2126 recentibus

428 2142 580 2230 roselytis
597 2079 651 2208 liic
669 2141 813 2229 loquitur
829 2144 1012 2225 Africanus,
1027 2145 1083 2208 sed
1097 2145 1138 2209 de
1154 2145 1359 2215 nobilissimis
1397 2147 1449 2211 ui·

402 2163 534 2315 busque
559 2243 594 2293 et
617 2229 858 2316 antiquissimis,
883 2253 1020 2316 quorum
1044 2253 1162 2294 nomen
1187 2230 1220 2293 in
1243 2231 1338 2295 sacris
1359 2170 1451 2296 libris

403 2328 702 2382 commemoratum
724 2328 797 2394 est3
821 2315 1005 2403 cujusmodi
1028 2316 1089 2380 fuit
1111 2315 1244 2394 Achior,
1266 2315 1393 2402 dequo
1415 2318 1450 2382 in

402 2399 490 2466 libro
503 2400 620 2467 Judith
636 2422 722 2487 saepe
736 2402 771 2466 lit
787 2402 920 2467 mentio.
965 2402 1095 2501 Quippe
1110 2400 1173 2465 hoc
1188 2400 1262 2465 loco
1278 2401 1346 2488 agit
1361 2403 1451 2467 Afri·

404 2505 505 2552 canus
521 2486 564 2550 de
578 2486 764 2567 nobilitate3
787 2488 881 2552 cu'us
895 2509 1095 2575 praecrpuum
1111 2487 1235 2572 insigne
1249 2501 1299 2551 est
1313 2488 1452 2574 antiqui·

404 2584 457 2638 tas
469 2573 610 2660 generis.
653 2573 713 2638 Ait
728 2574 813 2638 enim
865 2573 996 2638 erodem
1011 2573 1151 2659 origines
1166 2572 1359 2637 familiamm
1376 2575 1451 2640 ideo

404 2677 644 2737 concremasse,
672 2680 713 2724 ne
739 2660 810 2745 quis
833 2682 873 2723 ex
899 2659 1038 2746 publicis
1068 2660 1287 2724 monumentis
1314 2660 1451 2744 probare

404 2756 530 2845 posset,
554 2766 590 2810 se
611 2746 653 2809 ab
678 2744 754 2831 ipsis
777 2746 963 2831 patriarchis
983 2758 1041 2809 aut
1063 2767 1082 2808 a
1103 2745 1269 2832 prophetis
1291 2746 1453 2832 originem

403 2843 537 2917 generis
551 2830 602 2897 sui
618 2830 746 2895 ducere.
781 2830 919 2920 Quodsi
937 2831 1079 2897 novellos
1094 2832 1275 2983 proselyltos
1289 2831 1452 2921 intelliga-

403 2937 491 2996 mus,
505 2918 592 3004 perit
604 2917 710 2981 omnis
725 2917 822 3004 hujus
837 2917 900 2981 loci
916 2918 1089 2982 sententia:
1106 2941 1180 2981 cum
1234 2918 1340 2983 erodis
1356 2932 1452 2986 aetate

403 3001 657 3069 imsumerabiles
672 3017 777 3068 essent
795 3004 828 3068 in
842 3005 862 3069 J
865 3002 968 3082 udaea,
982 3004 1039 3091 qui
1052 3026 1156 3090 genus
1171 3026 1265 3069 suum
1281 3005 1321 3068 ad
1340 3007 1452 3071 novel·

404 3086 456 3153 los
497 3089 658 3176 roselytos
679 3090 843 3168 referrent,
857 3101 972 3174 utpote
993 3110 1052 3153 avo
1076 3089 1142 3153 nati
1163 3089 1341 3178 proselyto.
1384 3092 1452 3180 Qui

404 3192 467 3261 pro
519 3186 555 3240 to
576 3174 778 3241 archivorum
801 3174 956 3261 suffragio
977 3197 1060 3261 opus
1083 3196 1147 3239 non
1169 3175 1342 3255 habebant,
1358 3193 1395 3241 ut
1416 3201 1451 3244 so

404 3280 448 3325 ex
472 3260 647 3347 proselytis
671 3260 824 3326 oriundos
852 3282 922 3325 csse
946 3261 1172 3347 approbarent.
1217 3262 1294 3324 Huc
1316 3261 1452 3343 accedit,

389 3340 497 3433 ,quod
512 3368 554 3411 ex
570 3346 739 3435 proselytis
754 3347 914 3433 originem
930 3345 1058 3423 ducere,
1069 3345 1213 3432 ignobile
1227 3347 1336 3430 potius
1351 3370 1451 3445 quarn

404 3431 614 3532 splendidum
629 3433 715 3519 apud
727 3432 862 3499 Judaeos
881 3431 1080 3510 habebatur3
1104 3431 1244 3530 exceptis
1258 3444 1295 3496 ut
1310 3431 1375 3495 dixi
1391 3455 1450 3498 an·

455 3517 507 3585 uis
521 3517 584 3582 illis
598 3519 781 3605 proselytis,
796 3541 934 3605 quorum
951 3517 1029 3581 fides
1046 3540 1083 3582 ac
1103 3517 1218 3602 religio
1240 3518 1336 3581 sacris
1350 3518 1450 3583 literis

405 3624 451 3669 no
475 3603 483 3618 '
499 3603 579 3669 ‘tata
588 3618 650 3670 est.
665 3607 874 3670 Vanasrus.
917 3603 994 3668 Sine
1008 3604 1077 3668 ullo
1092 3602 1192 3668 dubio
1208 3603 1383 3688 legendum
1400 3618 1451 3669 est

404 3690 677 3777 ἁρχιπροσηλύιους,
698 3691 745 3757 uti
762 3690 831 3777 jam
853 3690 1002 3755 Valesius
1025 3689 1265 3766 animadvertit;
1288 3691 1377 3777 quod
1398 3712 1451 3755 re-

404 3776 601 3862 posuissem,
617 3777 678 3841 nisi
696 3777 805 3864 legem
826 3776 908 3841 mihi
929 3776 1116 3854 sanxissent,
1131 3789 1168 3840 ut
1189 3774 1267 3839 nihil
1290 3775 1358 3841 sine
1381 3776 1451 3841 ullo

404 3861 595 3927 testimonio
610 3863 644 3926 in
658 3876 783 3927 textum
797 3862 960 3927 inferrem.
1005 3861 1092 3926 Illud
1112 3860 1207 3948 ἄρχοις
1223 3861 1313 3946 quod
1328 3884 1449 3947 praece·

403 3946 517 4026 debat,
542 3947 658 4017 fefellit
680 3948 837 4028 librarios,
863 3962 896 4013 et
922 3947 1062 4035 syllabas
1088 3969 1164 4011 mox
1186 3961 1354 4032 sequentes
1377 3952 1450 4036 ἆρχε

404 4034 550 4099 sustulit.
573 4035 744 4099 Srnorrr.
788 4035 837 4102 At
859 4033 984 4100 vidend.
1007 4046 1075 4100 not.
1101 4055 1198 4120 supra
1219 4031 1373 4098 advoces
1395 4041 1450 4103 τῶν

404 4123 450 4207 ἇχ
467 4120 477 4181 l
492 4121 690 4206 προσηλύτων.
706 4121 727 4185 l.
739 4136 770 4185 3.
1259 4171 1261 4175 ·

450 4146 536 4271 ibid.
558 4205 609 4280 τάς
633 4233 664 4277 τε
688 4205 871 4290 κάλοῡμένους
893 4206 1026 4306 Peripate]
1053 4205 1093 4268 ld
1118 4205 1249 4269 verbum
1274 4205 1395 4292 legitur
1415 4206 1450 4274 in

403 4312 479 4379 cap.
493 4291 550 4356 xii.
564 4292 681 4370 Exodi,
696 4292 753 4357 ubi
770 4294 862 4357 Deus
879 4293 970 4357 Most
991 4293 1024 4356 in
1039 4292 1189 4378 AEgypto
1202 4290 1309 4356 adhuc
1324 4293 1448 4356 consis-

403 4378 488 4443 tenti
510 4377 655 4463 loquitur
668 4378 719 4442 his
733 4379 846 4462 verbis.
868 4386 932 4453 πῶς
952 4376 980 4452 ὃς
998 4376 1032 4441 cir
1045 4378 1121 4463 φάγῃ
1138 4379 1270 4460 gomis,
1286 4381 1448 4462 ἐξολοθρευ-

402 4462 522 4541 Poiosrrq
534 4469 550 4539 ἡ
564 4465 646 4549 ψυχὴ
662 4462 747 4543 ἐκείνη
761 4468 792 4529 ix
807 4469 975 4549 συναγωγῆς
986 4466 1105 4551 Ἰσραὴλ
1120 4462 1145 4526 ἔν
1158 4491 1189 4526 τε
1202 4467 1258 4537 τοῖς
1272 4461 1448 4548 respurgii,

401 4547 565 4635 αὐτόχθοσι
586 4556 634 4627 τῆς
654 4556 716 4634 γῆς.
753 4550 926 4615 Africanus
944 4549 1064 4635 Γειώρας
1082 4550 1310 4635 interpretatur
1322 4547 1384 4622 τοὺς
1399 4549 1448 4612 ἀπ’

402 4635 545 4719 Αἰγῦπῖου
560 4634 775 4711 συνεκπεσόντας
789 4636 947 4718 ἐπιμίκτες.
979 4635 1018 4701 Id
1032 4647 1081 4699 est
1095 4656 1250 4700 convenas
1266 4632 1321 4718 qui
1336 4654 1375 4696 ex
1385 4634 1448 4698 ΙΕ-

400 4733 513 4811 gypto
526 4720 626 4794 simul
636 4743 714 4796 cum
730 4722 882 4794 Israelitis
896 4722 1018 4809 egressi
1037 4723 1175 4794 fuerant.
1217 4717 1349 4809 Duplex
1362 4718 1449 4789 enim

900 4821 956 4876 08
