4092 5675
618 784 682 849 244
954 760 1316 850 ANNOTATIONES

616 943 641 976 “
656 934 741 999 enim
757 933 838 999 illud
853 932 927 998 inde
941 935 1136 1020 sequebatur
1153 932 1409 1012 incommodum,
1427 947 1465 998 ut
1478 932 1569 998 idem
1585 932 1663 1002 Me-

617 1028 640 1061 “
656 1021 782 1086 thusala
797 1020 888 1084 annis
903 1033 1028 1083 tantum
1044 1035 1113 1098 949.
1130 1021 1163 1084 in
1178 1020 1360 1084 universum
1375 1020 1507 1085 vixerit:
1530 1043 1598 1120 qua
1619 1021 1662 1088 de

619 1114 643 1148 “
657 1129 755 1170 causa
775 1128 846 1169 earn
869 1105 1039 1193 Syncellus
1053 1106 1229 1192 explodit.’'
1267 1107 1318 1170 Ita
1330 1106 1376 1169 vir
1390 1106 1431 1170 cl.
1446 1128 1518 1192 cap.
1530 1106 1567 1170 ii.
1585 1110 1615 1191 ᾖ.
1629 1120 1661 1173 4.

617 1214 651 1279 p.
664 1206 734 1257 518.
757 1192 840 1257 Vide
856 1204 889 1255 et
904 1191 1000 1255 eund.
1015 1190 1057 1255 ad
1072 1193 1103 1274 ξ.
1118 1198 1148 1256 6.
1163 1212 1195 1276 p.
1208 1205 1277 1255 523.
1312 1194 1446 1277 Prosper
1460 1192 1597 1277 quidem
1611 1193 1662 1258 A·

618 1278 769 1365 quitanus
791 1278 823 1341 in
842 1277 988 1342 Chronico
1003 1279 1128 1363 integro
1150 1276 1347 1342 Mathusalae
1369 1299 1471 1342 annos
1492 1292 1563 1355 187.
1586 1292 1661 1345 ente

618 1364 740 1428 natales
765 1364 920 1427 Lamechi
945 1363 1102 1442 attribuit,
1128 1363 1206 1427 dum
1234 1364 1501 1449 inconsequenter
1551 1387 1661 1432 torsus

617 1471 718 1514 annos
733 1445 821 1513 5242.
837 1451 878 1514 ab
891 1448 1021 1513 Adamo
1038 1448 1077 1512 ad
1096 1448 1250 1513 diluvium
1266 1462 1422 1528 recenset,
1436 1449 1493 1514 sed
1509 1449 1516 1463 ⁸
1548 1452 1600 1514 'nc
1613 1451 1659 1516 is-

616 1536 676 1600 tud
698 1520 834 1600 fortasse
857 1535 932 1599 conr
959 1534 1078 1599 endum
1101 1549 1160 1612 est,
1183 1534 1294 1599 vitiose
1314 1535 1360 1598 nr
1381 1535 1412 1612 re
1438 1536 1572 1600 ramos
1593 1549 1660 1613 187.

615 1644 676 1709 pro
694 1627 808 1707 167.'p.
821 1636 891 1685 520.
912 1558 1027 1684 litut.
1043 1622 1118 1684 Lat.
1136 1620 1249 1685 Cicron.
1271 1643 1291 1683 a
1312 1556 1480 1686 Roncailio
1493 1621 1659 1688 editorum

618 1709 736 1771 Patavii
752 1730 803 1770 an.
822 1719 908 1783 1787.
931 1710 974 1771 Et
986 1707 1129 1794 Quintus
1144 1705 1249 1771 Julius
1267 1706 1465 1786 Hilarianus,
1476 1708 1528 1772 De
1540 1708 1662 1774 Mundi

616 1793 803 1871 Durotione,
821 1814 918 1877 quem
942 1792 1088 1878 superius
1111 1792 1295 1871 memoravi,
1316 1793 1437 1878 primos
1459 1793 1659 1860 Mathusalae

615 1901 716 1944 annos
742 1885 808 1953 167.
825 1878 954 1957 invenit,
976 1901 1036 1964 pro
1057 1878 1173 1964 quibus
1196 1891 1302 1942 tamen
1326 1878 1570 1944 substituendos
1591 1880 1660 1946 vult

616 1986 717 2029 annos
746 1978 812 2039 182,
837 1964 1054 2028 adnumeratis
1083 1964 1172 2027 annis
1199 1963 1430 2049 posterioribus
1457 1964 1658 2032 Mathusalae

616 2064 687 2129 787,
703 2065 740 2114 ut
754 2050 867 2113 vixisse
889 2050 1049 2114 diceretur
1070 2050 1232 2113 universos
1247 2056 1317 2127 969,
1332 2063 1364 2113 et
1382 2048 1451 2137 jam
1475 2064 1553 2115 ante
1575 2051 1658 2128 dilu-

615 2139 701 2201 vium
723 2150 870 2201 mortuus
890 2137 998 2200 fuisse.
1046 2138 1263 2199 patrocinatus
1284 2135 1358 2199 deni
1382 2157 1423 2199 ue
1444 2149 1496 2199 est
1512 2137 1657 2203 Africani

616 2224 756 2287 numeris
775 2234 842 2301 187,
857 2223 935 2285 dum
950 2225 987 2285 τοὶ
1002 2219 1101 2307 ἀκριέἧ
1116 2228 1164 2298 τῆς
1175 2221 1310 2295 reuben
1325 2158 1425 2300 tiliana
1438 2235 1558 2287 testem
1572 2225 1657 2304 citat,

618 2308 762 2373 Chronici
773 2307 984 2372 Alexandrini
999 2308 1137 2386 Auctor,
1152 2329 1249 2392 quem
1264 2307 1357 2371 initio
1373 2306 1470 2393 hujus
1487 2322 1576 2373 notre
1590 2333 1657 2376 me·

614 2394 747 2459 moravi.
792 2395 847 2459 Ad
868 2416 943 2480 pag.
959 2393 1090 2479 quidem
1105 2394 1210 2479 operis
1225 2392 1275 2458 sui
1294 2406 1360 2456 114.
1377 2393 1552 2479 Syncellus
1573 2417 1654 2461 asse-

614 2481 668 2560 rit,
683 2480 872 2544 Africanum
888 2494 960 2559 989.
976 2502 1077 2543 annos
1090 2501 1149 2564 pro
1164 2485 1234 2556 969.
1251 2478 1450 2543 Mathusalae
1465 2480 1654 2566 assignasse,

614 2579 735 2653 quanto
758 2580 868 2630 autem
889 2587 996 2628 errore
1018 2565 1188 2651 Syncellus
1207 2564 1363 2629 Africano
1386 2563 1468 2628 illud
1490 2567 1652 2656 objecerit,

613 2652 754 2717 ostendit
769 2653 896 2716 Goarus
912 2650 953 2714 ad
967 2651 1090 2715 locum.

1092 2994 1171 3059 Vll.

660 3166 878 3242 P.127.1.1o.
901 3166 1035 3243 Πλήὸους
1057 3165 1209 3253 ἀνθρώπων
1233 3165 1310 3248 dcc]
1334 3165 1422 3230 Huic
1443 3167 1520 3254 ῥήσει
1542 3168 1650 3235 ῑὶῒυῙΙΒ

613 3253 760 3339 praefixus
779 3265 828 3316 est
849 3252 935 3338 apud
951 3252 1132 3336 Georgium
1149 3252 1336 3337 Syncellum
1351 3253 1383 3316 iu
1401 3252 1651 3342 Cironograplric

612 3361 687 3424 pag.
709 3355 753 3417 19.
772 3341 938 3424 Ἀφρικανοῦ
950 3339 1019 3420 περὶ
1037 3345 1090 3400 τῶν
1109 3339 1301 3423 Ἐγρηγόροιν.
1346 3340 1420 3434 Qua
1436 3339 1478 3402 dc
1492 3362 1572 3406 voce
1586 3342 1650 3407 haec

613 3425 725 3490 scribit
740 3426 884 3510 Scaliger
898 3424 989 3487 Notis
1004 3424 1036 3487 iri
1056 3425 1170 3487 Graeco
1184 3422 1354 3486 Eusebium
1371 3423 1528 3505 Chronici,
1546 3428 1601 3492 ubi
1613 3425 1651 3491 ad

614 3533 647 3596 p.
660 3525 730 3574 403.
746 3511 884 3596 primam
900 3510 983 3573 hanc
998 3511 1169 3594 fragmenti
1191 3509 1382 3573 sententiam
1401 3511 1523 3591 attulit,
1537 3514 1651 3591 πλήθεος

613 3596 764 3683 ἀνθρώπων
784 3617 863 3659 voce
882 3600 1017 3672 συνῆλθον
1036 3596 1155 3658 finitam
1176 3595 1232 3657 lin.
1252 3610 1297 3669 17.
1335 3596 1651 3685 “-Hujusmodi

614 3689 636 3722 “
650 3681 796 3768 Angelos
812 3679 976 3768 ἐγρηγόροος
990 3694 1154 3758 vocarunt,
1171 3695 1209 3744 ut
1223 3693 1271 3742 est
1286 3680 1373 3765 apud
1389 3680 1589 3765 Cedrenum.
1602 3683 1649 3749 vii.

613 3776 636 3809 “
654 3785 700 3830 11.
713 3782 762 3830 52.
796 3770 837 3830 Et
852 3767 957 3830 omnis
971 3767 1104 3852 angelus
1120 3767 1268 3852 ἐγρήγορος
1282 3765 1387 3830 dietus
1401 3781 1460 3831 est.
1501 3768 1649 3834 Clemens

613 3861 636 3895 “
652 3855 843 3938 παιδαγωγοῦ
858 3851 897 3931 β’.
915 3854 1060 3939 Μακάριοι
1082 3856 1139 3938 γὰρ
1160 3859 1183 3915 oi
1205 3852 1384 3938 ἐγρηγορότες
1407 3858 1444 3927 εἷς
1465 3856 1560 3934 αὐτὸν,
1582 3861 1650 3936 σφᾶς

613 3947 636 3980 “
652 3941 750 4013 αὐτοὺς
765 3939 956 4020 ἀπεικάζοντες
970 3937 1108 4022 ἀγΓέλοις,
1124 3936 1167 4011 οὓς
1182 3938 1345 4024 ἐγρηγόροος
1360 3944 1498 4020 καλοῖμεν.
1544 3942 1651 4029 Quare

613 4030 636 4065 “
650 4025 695 4088 ita
709 4025 750 4088 ab
765 4025 827 4088 illis
842 4038 1041 4103 vocarentur,
1057 4046 1164 4088 ansam
1180 4024 1225 4086 eis
1240 4024 1380 4108 praebuit
1397 4025 1512 4089 unicus
1529 4026 1650 4091 Danie-

613 4117 636 4150 “
652 4110 691 4173 lis
708 4110 798 4175 locus
814 4112 853 4174 iv.
870 4126 924 4174 10:
948 4109 1004 4173 ubi
1026 4131 1085 4194 pro
1104 4109 1235 4194 Angelo
1258 4120 1363 4173 textus
1385 4107 1485 4174 habet
1503 4126 1557 4187 rr
1578 4116 1651 4191 mr,

614 4201 637 4236 “
652 4195 686 4258 id
701 4210 750 4259 est
763 4195 851 4282 vigil.
866 4195 1037 4259 Scholion:
1060 4196 1091 4257 ri
1107 4196 1134 4256 δὲ
1149 4194 1214 4280 Εἶρ,
1231 4196 1291 4257 οἰδὲν
1302 4193 1400 4308 ἕτερον,
1415 4195 1431 4273 ἢ
1446 4197 1651 4285 ὲγριιγορῶς,ᾒ

613 4288 637 4321 “
652 4278 799 4364 ἄγρυπνος,
815 4281 996 4367 ἑρμηνεύετοο.
1033 4279 1134 4344 Aliud
1149 4305 1156 4344 :
1179 4281 1239 4344 cirri
1259 4285 1295 4342 τῦ
1313 4287 1368 4368 Εις
1384 4287 1409 4344 οῖ
1423 4281 1455 4345 o'.
1474 4280 1592 4367 οἶγῐελοι
1605 4291 1652 4371 ἡρ-

612 4374 635 4407 “
651 4366 799 4450 privemur.
822 4373 845 4429 oi
859 4368 886 4428 δὲ
900 4368 987 4430 λοιποὶ
1002 4367 1183 4452 ἐγρήγορον.”
1229 4367 1311 4431 Haec
1325 4367 1469 4452 Scaliger
1480 4368 1522 4431 ad
1538 4390 1572 4469 p.
1582 4382 1651 4435 tot

612 4453 725 4517 Notar.
762 4453 810 4515 Ex
832 4473 908 4515 voce
928 4466 1036 4517 autem
1059 4452 1111 4538 Εἶρ
1134 4451 1274 4516 deducta
1295 4465 1344 4517 est
1364 4475 1383 4515 a
1405 4455 1571 4519 nonnullis
1594 4456 1653 4521 iris

612 4540 761 4603 Deorum
776 4536 888 4620 ἅγῐελος
904 4537 989 4623 apud
1004 4550 1127 4623 poetas.
1158 4537 1233 4602 Vid.
1250 4552 1317 4602 not.
1333 4538 1374 4602 ad
1390 4540 1550 4626 Hesychii
1563 4538 1653 4628 glos-

613 4646 694 4703 sam,
715 4622 784 4710 Ἶρις
807 4631 822 4701 ἡ
846 4623 929 4698 Θεός.
951 4623 1076 4708 sipisim.
1119 4624 1261 4687 Tantum
1282 4623 1409 4703 addam,
1430 4612 1563 4691 titulum
1584 4648 1653 4692 esse

448 4750 453 4761 ι
533 4736 535 4741 ’
617 4709 770 4777 Versionir
786 4708 1017 4777 Theodotionece
1033 4708 1106 4792 libri
1120 4707 1267 4774 Danielis
1286 4710 1322 4774 in
1345 4709 1653 4795 Codicectusiuuo.
