4092 5675
629 751 683 817 IN
701 750 741 817 B.
756 748 1029 818 ALEXANDBI
1045 750 1224 817 HIEROS.
1239 749 1414 817 FRAGM.
1497 771 1542 842 45

499 922 560 988 iter
579 920 622 988 ad
641 922 726 986 hanc
748 944 792 1008 qu
836 943 877 986 ue
895 921 1063 1007 regionem
1079 943 1119 985 ex
1132 922 1236 987 verbis
1249 920 1426 988 Alexandri
1444 935 1543 1009 atque

499 1006 682 1074 Clementis
692 1008 774 1071 bone
783 1025 823 1072 co
838 1008 958 1071 lectum
968 1007 1103 1072 videtur.
1124 1006 1320 1073 Haudenim
1328 1008 1543 1074 dubitandum

497 1105 560 1172 est,
574 1094 635 1158 etsi
651 1094 785 1158 Rufinus
807 1092 853 1158 ait
873 1092 1042 1180 epistolam
1064 1091 1147 1157 hanc
1162 1094 1293 1158 missam
1308 1116 1377 1160 esse
1390 1117 1448 1181 per
1463 1094 1542 1160 Cle-

498 1192 644 1244 mentem
659 1178 874 1243 Antiocbenae
888 1178 1033 1244 ecclesiae
1048 1179 1284 1266 presbyterum,
1296 1180 1373 1266 quin
1390 1179 1543 1246 Clemens

498 1265 702 1332 stromateus
716 1265 758 1328 ab
773 1263 958 1329 Alexandro
978 1265 1031 1328 hic
1048 1262 1235 1350 designetur
1247 1280 1378 1350 propter
1392 1268 1543 1351 rationes,

521 1373 579 1416 uas
594 1349 705 1415 attulit
716 1349 875 1415 Valesius.
898 1350 1034 1414 Librum
1051 1348 1093 1414 ad
1106 1348 1326 1415 Alexandrum
1340 1374 1358 1415 a
1371 1351 1542 1421 Clemente

497 1372 555 1502 Al.
567 1437 703 1501 missum
718 1450 879 1514 memorat
894 1449 1010 1521 praeter
1027 1434 1201 1499 Eusebium
1219 1435 1353 1501 Photius
1367 1460 1496 1523 quoque
1507 1437 1542 1503 in

498 1512 698 1587 Bibliotheca
721 1520 844 1586 Codice
863 1541 943 1586 cxl.
979 1522 1057 1586 Jure
1077 1542 1209 1607 quoque
1227 1522 1374 1586 Valesius
1395 1525 1542 1607 putabat,

498 1606 582 1672 hano
599 1605 770 1694 epistolam
791 1605 955 1693 scripsisse
969 1606 1188 1671 Alexandrum
1207 1606 1345 1671 necdum
1361 1607 1402 1671 ad
1417 1608 1543 1693 episco-

497 1706 611 1780 patum
628 1692 782 1757 Hierosol
807 1715 936 1764 morum
950 1692 1122 1757 adscitum.
1151 1695 1194 1756 Et
1206 1714 1388 1779 quanquam
1404 1696 1541 1775 cicilie·

497 1778 664 1866 rosolyma
678 1779 720 1842 ab
739 1716 852 1843 eodem
874 1778 1004 1842 missam
1024 1800 1093 1841 esse
1114 1778 1227 1842 statuit
1243 1776 1360 1843 Cavius
1376 1779 1408 1843 io
1423 1778 1491 1844 Vit.
1506 1781 1540 1844 S.

500 1863 690 1942 Clementis,
706 1863 769 1928 vol.
787 1865 813 1927 1.
833 1864 865 1926 V
865 1864 915 1945 itt.
931 1865 1000 1927 ΡΡ.
1016 1886 1050 1950 p.
1067 1872 1134 1942 196.
1156 1886 1205 1927 res
1226 1886 1291 1927 non
1311 1864 1356 1928 ita
1374 1887 1408 1928 se
1422 1864 1541 1929 habere

498 1951 633 2031 videtur,
648 1949 810 2050 siquidem
828 1952 861 2014 in
883 1949 1027 2029 vinculis,
1042 1949 1105 2014 boc
1123 1962 1183 2028 est,
1196 1964 1367 2036 antequam
1385 1953 1542 2016 Hieroso·

497 2035 623 2124 lymam
645 2036 788 2115 adiisset,
803 2034 986 2100 Alexander
1006 2036 1093 2101 illam
1117 2036 1254 2123 scripsit.
1300 2039 1433 2124 Propter
1453 2038 1540 2102 enim

497 2122 636 2208 priorem
663 2123 726 2186 sub
749 2122 865 2186 Severo
888 2120 961 2186 fidei
983 2144 1049 2186 suae
1071 2122 1318 2196 confessionem,
1334 2124 1382 2187 uti
1405 2136 1542 2189 testatur

498 2208 669 2285 Eusebius,
683 2207 855 2293 episcopus
877 2207 1192 2294 Hierosolymitanus
1206 2209 1399 2272 constitutus
1414 2223 1473 2287 est,
1489 2210 1540 2273 id-

499 2316 561 2380 que
585 2295 696 2358 statim
720 2308 794 2379 post
813 2293 984 2357 adventum
1004 2293 1075 2357 e'us
1089 2293 1130 2356 ad
1146 2295 1258 2357 urbem
1273 2308 1426 2372 sanctam,
1443 2316 1540 2380 quem

500 2378 675 2465 contigisse
691 2380 869 2465 imperante
884 2378 1016 2443 Caracal
1032 2402 1051 2442 a
1065 2379 1170 2442 Severi
1187 2378 1265 2456 filio,
1280 2400 1392 2442 omnes
1405 2400 1543 2445 consen·
1648 2460 1650 2464 Ι

501 2463 596 2529 tiunt.
631 2466 843 2551 Imperitante
859 2464 988 2551 quidem
1004 2464 1123 2543 Decio,
1135 2463 1318 2527 Alexander
1332 2464 1465 2528 vinculis
1479 2467 1541 2531 ite·

500 2572 572 2615 rum
585 2552 781 2615 constrictus
794 2565 854 2630 est,
864 2551 919 2613 scd
930 2551 987 2615 diu
999 2564 1074 2636 post
1083 2549 1285 2635 Asclepiadis
1296 2549 1543 2631 ordinationem,

498 2635 539 2701 de
551 2659 616 2723 qua
631 2636 732 2700 literae
749 2636 937 2723 loquuntur.
966 2636 1130 2700 Caeterum
1147 2634 1244 2698 habet
1258 2635 1306 2699 ed.
1323 2634 1429 2720 steph.
1443 2642 1491 2714 τὴν
1504 2643 1542 2702 rii

499 2726 606 2810 Χςιςοῦ
623 2721 774 2802 ἐκκλησίαν
788 2743 847 2807 pro
860 2726 908 2800 rip
921 2730 969 2785 τοῦ
984 2722 1088 2808 Κυρίου
1102 2725 1125 2785 i.
1141 2743 1206 2807 prae
1221 2743 1255 2785 se
1270 2721 1353 2785 ferre
1370 2729 1477 2787 autem
1493 2729 1542 2789 τοῦ

500 2812 565 2872 Θοῦ
580 2806 728 2894 Reffinnm
741 2822 839 2894 atque
852 2807 1072 2893 Nicephorum,
1088 2821 1199 2872 monet
1215 2806 1390 2885 Strotbius,
1404 2810 1457 2873 cui
1476 2809 1543 2874 lec·

499 2895 547 2959 tio
562 2895 625 2958 ista
640 2895 763 2979 optima
778 2895 912 2958 videtur.
941 2892 1005 2957 Sed
1019 2917 1122 2958 unum
1134 2916 1172 2958 ex
1185 2893 1343 2957 Vaticanis
1355 2893 1463 2958 MStis
1474 2895 1541 2960 Ro·

488 2979 557 3066 fini
572 2981 691 3044 habere
706 2979 836 3044 Domini
855 2978 999 3045 Cacciari
1019 2993 1165 3043 testatur.
1211 2981 1308 3043 Porro
1326 3001 1402 3044 cum
1424 2983 1544 3054 Valesii

500 3066 612 3134 Mstis
625 3065 881 3151 Hieronymoque
895 3066 1100 3130 consentiunt
1114 3066 1179 3130 mei
1194 3065 1279 3142 libri,
1293 3065 1349 3151 qui
1362 3080 1436 3130 sunt
1448 3068 1542 3135 Bodl.

500 3175 558 3218 seu
574 3151 674 3217 Saoil.
690 3167 725 3216 et
739 3137 881 3237 Norfolc.
917 3151 1053 3214 Illud‘rfi
1070 3150 1202 3214 Δεσπότιι
1217 3153 1311 3215 vertit
1325 3151 1389 3214 Dei
1405 3153 1542 3221 Hieron.

545 3240 581 3302 P.
603 3252 655 3307 40.
681 3236 967 3318 1.,10.Ἀσιιοίζοτσο
992 3242 1063 3318 ὑμᾶς
1088 3236 1253 3321 Νάρκισσος
1281 3237 1355 3318 &c.]
1385 3237 1542 3306 Praemisit

501 3324 675 3401 EusebiUS,
690 3323 857 3406 Μνημονεύει
872 3321 949 3407 γε’τοι
966 3323 1013 3386 >rai
1029 3323 1110 3395 αὐτὸς
1124 3327 1138 3382 ὁ
1151 3322 1332 3408 Ἀλέξανδρος
1346 3326 1373 3383 ἒν
1388 3323 1466 3397 ἰδίαις
1480 3328 1543 3388 ἔπι-

500 3414 599 3485 conat,
612 3414 674 3484 ταῖς
688 3411 761 3495 arpis
775 3408 956 3483 Ἀιτινοεῖτοος
971 3405 1055 3471 εἰσέτι
1070 3414 1113 3470 νῦν
1128 3411 1199 3492 παρ’
1220 3411 1282 3488 ἡμῖν
1302 3408 1480 3488 σωζομένοις,
1493 3417 1542 3488 τῆς

499 3496 657 3582 Ναρκίσσιι
671 3495 721 3558 σὺν
735 3499 810 3580 αὐτῷ
825 3493 983 3581 asponigiar,
996 3501 1089 3558 ταῦτα
1104 3499 1179 3555 nasci
1194 3492 1269 3570 λέξοι
1284 3493 1413 3557 ἓιι1τέλσι
1427 3496 1542 3583 γράφων

498 3587 549 3656 τῆς
569 3585 652 3657 αὐτῆς
673 3586 809 3658 irruatis.
838 3579 1088 3646 ἈΣΠΑΖΕΤΑΙ
1108 3584 1177 3660 ὑμᾶς
1191 3579 1355 3664 Νάρκισσος
1372 3579 1432 3644 Aac.
1462 3582 1545 3649 Sarte

500 3666 583 3734 idon
599 3666 782 3747 Alexander
801 3667 834 3730 in
854 3665 917 3729 sais
932 3665 973 3728 ad
986 3665 1169 3729 Antinoitas
1183 3663 1320 3749 epistolis
1337 3687 1414 3812 ἴσαι
1431 3668 1544 3732 etiam·

500 3774 578 3818 aum
596 3762 732 3830 exstant,
747 3751 938 3838 episcopatus
953 3773 1044 3838 quern
1057 3773 1125 3814 cam
1141 3749 1288 3814 Narcisso
1303 3773 1333 3813 co
1350 3751 1420 3836 lega
1432 3754 1543 3840 gessit,

499 3838 644 3903 montoir
666 3837 713 3901 iris
732 3837 831 3902 verbis
845 3857 919 3924 quoe
934 3838 976 3900 ad
990 3835 1103 3900 calcem
1124 3834 1264 3920 epistolae
1279 3835 1435 3984 leguntur.
1469 3839 1543 3904 SA-

501 3924 657 3989 LUTAT
678 3946 733 3987 vos
751 3923 921 3990 Narcissus
940 3923 999 3986 &c.
1036 3921 1124 4009 Quid
1142 3922 1218 3985 velit
1236 3923 1299 3985 istu
1323 3925 1374 4000 ,ir
1388 3926 1450 3996 ταῖς
1465 3924 1543 4002 ἰδίοις

501 4013 643 4084 introiistis
665 4012 727 4080 ταῖς
746 4013 819 4091 σορὸς
838 4007 1031 4086 Ἀιτιιοεῖτοος,
1044 4030 1134 4072 cons.
1151 4020 1261 4071 notam
1277 4029 1373 4092 supra
1394 4008 1436 4073 ad
1458 4011 1542 4076 Hie·

502 4118 562 4160 ron
588 4117 676 4159 mum
690 4095 741 4158 De
757 4095 841 4159 Viris
852 4093 905 4158 ltt.
935 4096 988 4158 De
1002 4094 1128 4179 origine
1144 4105 1252 4156 autem
1268 4093 1357 4157 urbis
1372 4094 1542 4162 Antinoeis

501 4183 535 4247 in
552 4119 701 4268 Ngypto
722 4181 786 4245 vid.
801 4202 899 4266 supra
922 4182 1137 4244 Haaasrrru
1159 4176 1353 4264 Fragmenta
1367 4180 1408 4244 ad
1425 4203 1458 4267 p.
1471 4197 1542 4248 202.

502 4267 566 4332 vol.
583 4268 610 4330 Ι.
654 4316 656 4322 s
819 4331 822 4338 ,
1099 4318 1101 4322 s
1283 4312 1292 4319 --

548 4352 634 4418 lbld.
659 4351 681 4416 l.
708 4367 755 4414 11.
785 4350 1024 4433 συνεξεταζόμειός
1050 4375 1098 4432 μοι
1123 4352 1167 4413 'diri
1191 4359 1245 4414 τῶν
1271 4351 1372 4435 εὒχῶν]
1404 4354 1544 4419 Pessime
1599 4416 1602 4422 .

504 4438 592 4503 hunc
604 4440 713 4502 locum
727 4451 885 4501 verterunt
899 4437 1032 4501 Rufinus
1046 4451 1079 4500 et
1091 4435 1416 4521 Christophorsonus.
1443 4440 1545 4522 Recte·

503 4537 614 4589 autem
642 4524 874 4609 Hieronymus,
895 4523 970 4585 licet
995 4544 1060 4585 non
1086 4521 1126 4586 ad
1151 4522 1293 4599 verbum,
1316 4522 1544 4606 interpretatur

503 4610 569 4675 boc
590 4609 699 4674 modo.
745 4607 872 4672 Salutat
894 4629 944 4672 vos
966 4607 1143 4686 Narcissns,
1159 4606 1213 4693 qni
1231 4617 1304 4670 onte
1317 4630 1366 4669 rna
1379 4606 1429 4671 tric
1442 4612 1542 4675 tenuit

502 4694 705 4781 episcopalem
721 4693 832 4774 locum,
847 4705 878 4759 et
895 4715 976 4758 nanc
995 4715 1113 4758 rneaon
1134 4693 1263 4762 eordan
1285 4692 1474 4760 orationihus
1492 4720 1543 4760 re·
