4092 5675
645 825 708 898 274
773 783 780 796 '
977 807 1334 880 aunomnonns

690 982 845 1048 P.146.1.
861 996 907 1046 12.
930 980 974 1060 ἔτη
990 981 1046 1067 εἰ]
1064 982 1176 1047 Eusel.
1192 980 1243 1046 ιδ’.

688 1067 773 1132 Ibid.
789 1068 811 1132 l.
829 1083 874 1132 13.
895 1069 1003 1152 Ταρκὸς
1018 1069 1062 1146 ἔτη
1074 1068 1132 1153 ιη’]
1147 1069 1276 1156 Ταςακὸς
1288 1065 1332 1145 ἔτη
1343 1064 1379 1131 κ’.
1392 1064 1546 1132 Eusebius
1555 1064 1663 1220 iffi·

647 1163 730 1217 eust.
746 1153 847 1218 sedin
863 1151 1005 1217 Chronico
1021 1153 1136 1218 Latino
1152 1151 1318 1232 Taractus,
1332 1151 1420 1240 quod
1436 1151 1548 1240 posuit
1638 1151 1661 1202 '-

646 1256 705 1323 ger
718 1237 752 1304 in
768 1239 925 1304 Cononem
936 1239 1060 1326 Isagog.

961 1437 1199 1508 DYNASTIA
1227 1437 1355 1507 XXVI.

690 1575 775 1644 ibid.
788 1577 811 1645 l.
825 1596 875 1644 21.
896 1578 1021 1663 Σαϊτῶν]
1038 1576 1088 1642 lta
1105 1578 1182 1643 MS.
1202 1575 1282 1641 alter
1301 1576 1404 1642 Paris.
1426 1588 1460 1642 et
1480 1573 1661 1643 emendante

646 1663 688 1729 ad
702 1687 804 1750 marg.
820 1669 928 1730 Goaro
943 1680 1017 1751 post
1032 1663 1158 1728 Euselii
1172 1663 1309 1749 Dyncst.
1324 1683 1382 1748 pro
1396 1666 1550 1729 ’Aeaswln

689 1749 774 1814 ibid.
789 1751 811 1814 l.
825 1766 874 1813 22.
895 1748 1087 1832 Στεφανᾶτης]
1105 1749 1158 1813 Ab
1179 1747 1318 1813 Eusebio
1336 1747 1513 1828 Στεφανᾶθις
1532 1759 1662 1814 vocatur.

648 1833 810 1898 Caeterum
833 1851 907 1899 ante
929 1829 1014 1898 hunc
1037 1855 1147 1918 regem
1168 1832 1277 1918 posuit
1292 1831 1444 1898 Eusebius
1458 1831 1607 1922 Ἀμμαςις
1619 1837 1664 1898 Αἷ-

645 1917 781 2068 θίέψιέτη
798 1918 849 1984 e‘.
866 1920 985 1984 omisso
1000 1940 1075 2006 rege
1089 1919 1204 1984 ultimo
1217 1918 1384 2005 Dynastiae
1400 1916 1500 2005 hujus
1515 1920 1664 1984 Psamme-

645 2024 664 2068 ο
689 2019 777 2153 iiiide
788 2089 810 2153 l.
824 2104 874 2200 2³:
895 2089 1049 2175 Νεχεψῶς]
1063 2090 1113 2153 lta
1125 2088 1241 2153 MStus
1251 2097 1378 2174 uterque
1388 2086 1492 2155 Palis.
1515 2087 1665 2260 Sic-cliff-

645 2194 752 2324 {llll‘}
771 2174 1667 2346 11111111111151111111111.1

645 2346 781 2410 variatur
800 2347 832 2409 in
850 2345 990 2409 Chronici
1004 2344 1114 2409 Latini
1128 2343 1378 2429 Εωετηρίανίὸω,
1393 2343 1598 2431 Nechepsos,
1611 2339 1666 2408 Ni·

644 2429 791 2516 chepsos,
805 2431 998 2516 Nichepsus,
1011 2430 1213 2516 Nochepsos.

690 2516 772 2580 lbid.
789 2516 811 2580 l.
826 2528 875 2581 24.
896 2515 1006 2601 Νεχαῶ
1021 2514 1126 2599 transt]
1146 2512 1274 2578 Euselii
1291 2513 1401 2579 Cluen.
1416 2511 1572 2578 Latinum
1585 2509 1666 2578 exhi·

644 2597 700 2663 bet
714 2623 786 2664 ann.
801 2608 831 2665 6.
877 2602 915 2664 In
932 2602 1047 2665 Canon.
1060 2616 1168 2665 autem
1183 2601 1307 2687 Isagog.
1323 2599 1445 2664 omittit
1459 2597 1548 2662 hunc
1564 2619 1598 2664 re

644 2684 728 2748 Scali
772 2708 798 2765 r,
812 2685 968 2773 verbaque
984 2686 1054 2749 haec
1067 2685 1215 2771 ponenda
1228 2686 1366 2765 curavit3
1381 2685 1585 2748 “Hactenus
1636 2704 1666 2747 a·

643 2775 735 2833 “net
759 2792 790 2833 o.
825 2770 959 2859 Reliqua
973 2792 1012 2834 en
1027 2769 1230 2835 Herodoto.’'
1264 2771 1350 2834 Tum
1371 2781 1486 2872 postea
1505 2767 1667 2859 Dymetiae

642 2855 962 3003 sssffiimehsefluenti
988 2856 1107 2921 lemma
1134 2856 1198 2921 hoc
1225 2871 1420 2945 praeposmt3
1447 2862 1470 2895 “
1486 2856 1610 2921 Rursus
1633 2874 1668 2919 cx

724 2956 796 3004 anet
821 2962 852 3003 o.

688 3025 772 3089 Ibid.
788 3022 809 3089 l.
825 3039 874 3089 25.
895 3025 1079 3111 Ψαμμίτιχος
1098 3022 1142 3105 ἔτη
1160 3024 1220 3112 vt]
1238 3028 1288 3092 lta
1302 3025 1401 3092 edidit
1416 3024 1502 3089 Scal.
1516 3036 1595 3113 poet
1606 3020 1668 3089 Ee·

643 3107 719 3173 sebit
741 3110 942 3196 Dynustium,
966 3124 999 3174 et
1023 3112 1100 3176 MS.
1128 3110 1209 3176 alter
1233 3111 1371 3200 Syncelli
1393 3110 1566 3176 Parisinus·
1579 3108 1669 3175 hebet

644 3196 832 3281 Ψαμμήτιχος
862 3218 919 3282 pro
947 3197 1036 3262 edito
1064 3197 1252 3279 Ψαμμίτικος.
1301 3195 1428 3261 Euscbit'
1457 3195 1573 3261 Cicron.
1600 3194 1667 3259 Lu.

646 3279 903 3361 Psammitichus,
916 3282 975 3361 vel,
987 3283 1227 3347 Psammeticus.
1243 3283 1276 3346 iu
1291 3305 1357 3369 quo
1371 3282 1454 3346 libro
1469 3302 1489 3345 a
1513 3292 1669 3367 ponuntur

645 3367 719 3430 anni
733 3379 783 3431 44.
794 3389 853 3453 pro
867 3381 917 3431 54.
933 3379 1029 3454 atque
1052 3369 1097 3432 ita
1120 3368 1264 3454 Scaliger
1286 3367 1317 3432 in
1341 3367 1453 3432 cleon.
1492 3386 1603 3455 scgog.
1619 3360 1670 3429 md

645 3448 797 3516 Eusebius
822 3453 855 3516 in
876 3453 1035 3539 Dynmtia
1058 3451 1237 3538 Syncellina
1261 3453 1361 3518 habet
1382 3463 1557 3515 1111110145.
1606 3448 1669 3515 Mi·

645 3557 706 3601 nus
730 3551 877 3601 accurate
898 3559 994 3636 quam
1017 3538 1200 3615 Africanus,
1221 3538 1313 3625 cujus
1335 3558 1486 3602 numeros
1508 3534 1670 3601 confimat

646 3622 835 3686 Herodotus
851 3623 881 3685 in
895 3623 950 3685 hb.
962 3622 995 3685 ii.
1010 3645 1080 3708 cap.
1096 3635 1161 3698 157.
1184 3625 1283 3687 Hunc
1298 3637 1405 3688 autem
1420 3642 1530 3707 regem
1548 3620 1671 3709 AEgyp-

644 3705 726 3769 tium
750 3707 864 3791 saepius
886 3728 980 3792 quam
1003 3707 1102 3772 alium
1117 3709 1259 3793 quemvis
1273 3707 1460 3771 memoravit
1475 3706 1671 3771 Herodotus·

645 3790 686 3854 Ei
695 3805 818 3876 patrem
828 3806 923 3877 atquc
936 3792 1035 3855 filium
1045 3792 1142 3856 Νεκῶν
1154 3792 1324 3858 historicus
1336 3790 1493 3873 attribuit,
1502 3812 1598 3879 capp.
1609 3802 1669 3855 152.

645 3890 680 3940 et
697 3891 763 3941 158.
779 3877 881 3966 ejusd.
897 3877 952 3940 lib.
968 3891 1001 3940 et
1017 3879 1286 3943 Psammetichum
1304 3878 1421 3943 Saltem
1433 3876 1580 3963 appellat
1591 3875 1670 3942 Dic·

645 3960 745 4026 dorus
761 3963 885 4027 Siculus
901 3962 958 4026 lib.
975 3963 1002 4025 I.
1018 3962 1105 4027 Hist.
1121 3984 1192 4048 cap.
1206 3970 1255 4028 66.
1575 3974 1578 3981 '

691 4047 725 4111 P.
741 4061 806 4123 147.
822 4044 844 4110 l.
860 4063 886 4111 1.
909 4046 1019 4133 Νεχαῶ
1033 4048 1150 4133 δεύτερος
1166 4048 1209 4125 ἔτη
1225 4044 1277 4132 ς’.]
1291 4045 1427 4112 Nechao
1440 4056 1577 4131 propter
1589 4044 1671 4133 prlo-

647 4151 714 4194 rcm
733 4154 841 4218 regem
861 4133 1099 4280 coffnominem
1113 4135 1168 4219 qui
1188 4134 1286 4220 hujus
1302 4130 1470 4280 Βζῐιαεῐίω
1485 4133 1602 4197 tertius
1615 4142 1671 4217 eet,
1689 4211 1696 4225 ·

646 4215 782 4281 Nechao
803 4239 898 4281 secun
924 4239 958 4280 us
973 4216 1090 4296 dictus,
1105 4218 1190 4282 idem
1212 4219 1309 4283 fuisse
1355 4218 1384 4281 ic
1405 4215 1562 4281 statuitur
1579 4230 1671 4303 atque

647 4300 770 4363 Pharao
796 4302 923 4381 Necho,
947 4301 1013 4387 qui,
1039 4317 1208 4389 postquam
1233 4303 1354 4368 Josiam
1378 4301 1670 4389 regempoptimum

645 4400 855 4471 superaverat,
877 4408 1092 4451 successorem
1112 4392 1182 4476 ejus
1203 4389 1340 4453 Joachas
1361 4387 1394 4451 in
1407 4388 1451 4450 AE
1522 4400 1594 4452 tum
1615 4386 1669 4459 ab·

646 4470 748 4534 duxit.
783 4471 859 4558 Vid.
874 4486 893 4534 2
908 4471 1016 4536 Perat.
1031 4494 1070 4537 ca
1094 4475 1240 4582 penult.
1264 4475 1316 4537 De
1333 4494 1373 4536 eo
1393 4472 1462 4536 Her
1506 4468 1668 4537 otus-ul
1699 4524 1700 4531 ,

646 4557 760 4644 Σύροισι
774 4560 847 4635 ωεζῆ
863 4555 985 4631 ὁΝεκῶς
999 4494 1150 4640 suptilius
1164 4563 1191 4621 ἐν
1205 4558 1353 4644 Μαγδόλῳ
1364 4557 1480 4634 ἐνίκησε.
1498 4561 1575 4639 μετὰ
1587 4558 1614 4621 li
1625 4560 1668 4635 cir

644 4642 743 4727 μάχην
768 4642 888 4706 Καδύτιν
910 4642 996 4705 cuim
1017 4649 1064 4720 τῆς
1085 4643 1189 4730 Συρίας
1210 4647 1295 4706 {icae
1317 4643 1445 4724 μεγάλην
1470 4641 1539 4707 elau.
1561 4642 1618 4709 lib.
1636 4638 1666 4707 il.

644 4746 715 4813 cap.
731 4742 797 4807 159.
847 4729 924 4816 Qua
945 4727 1074 4816 quidem
1096 4728 1308 4818 appellatione
1329 4727 1595 4817 Hierosolymam
1615 4724 1666 4793 cle·
