4092 5675
482 765 547 853 sos
818 721 1180 832 annosarronns

374 945 380 954 ‘
483 933 718 1002 Tertullianum
740 934 827 1000 hunc
845 933 964 1021 ipsum,
979 935 1012 1001 ni
1030 936 1133 1016 fallor,
1149 958 1273 1001 morem
1293 935 1477 1002 Catholicis
1490 938 1521 1005 in

484 1021 547 1089 fine
567 1021 641 1087 libri
656 1021 709 1120 ¹sui
722 1021 761 1119 de
772 1021 906 1125 {muniis
915 1023 1056 1120 5-apud
1076 1035 1106 1087 te
1124 1039 1225 1172 ngope
1243 1023 1277 1087 in
1298 1023 1437 1087 caccabis
1447 1024 1522 1123 fer·

483 1107 635 1207 uet,fides
651 1129 684 1171 tn
697 1106 809 1172 culrms
824 1106 915 1185 calet,
931 1123 999 1193 spes
1014 1109 1149 1258 οοιὶζοοοοο
1164 1132 1191 1173 ιο
1202 1121 1302 1194 jacet.
1347 1110 1412 1174 Sed
1422 1132 1523 1193 mayor

484 1193 534 1258 lus
547 1205 593 1257 est
608 1208 718 1280 agape,
733 1194 808 1281 quin
820 1210 876 1279 per
894 1193 972 1258 darre
992 1194 1048 1257 ado
1079 1206 1194 1259 scentes
1214 1196 1261 1258 tui
1279 1217 1349 1259 cum
1370 1196 1522 1260 sororibus

482 1279 651 1344 dormiunt.
689 1281 787 1344 Porro
801 1303 840 1344 ex
857 1281 979 1344 lrenaeo
993 1280 1105 1367 liquet,
1121 1281 1303 1368 inquinatos
1318 1282 1419 1345 fitisse
1432 1282 1521 1369 τόλμῃ

482 1364 586 1432 isthac
605 1365 843 1430 Valentinianos
866 1365 1034 1429 haereticos
1056 1367 1177 1431 saeculo
1199 1366 1343 1431 ecclesiae
1365 1367 1520 1431 secundo.

483 1448 567 1514 ἄλλοι
583 1451 623 1529 ii,
638 1451 752 1538 inquit,
766 1451 909 1515 αὗοοᾶλον
927 1460 1032 1532 σεμνῶς
1047 1454 1109 1516 κατ’
1123 1456 1229 1539 ἀρχὰς,
1248 1454 1284 1526 ὥς
1303 1458 1379 1534 μετὰ
1399 1455 1521 1532 ἀδελφῶν

481 1536 699 1623 προσποοέμοοοο
711 1542 851 1616 συνοικεῖν,
861 1536 1005 1622 προϊόντος
1016 1543 1052 1599 τῦ
1061 1536 1151 1624 χρόνοι
1162 1537 1361 1623 ἠλέγχθηοαο,
1373 1540 1521 1624 ἐγκύμονος

481 1629 530 1700 τῆς
543 1626 662 1702 ἀδελφῆς
675 1627 724 1687 ὑπὸ
737 1630 773 1686 rei
787 1626 903 1705 ἀδελφοῦ
917 1623 1086 1706 γενηθείσης.
1101 1624 1157 1687 lib.
1172 1625 1198 1687 l.
1211 1647 1240 1687 c.
1253 1624 1293 1686 vi.
1310 1626 1341 1706 ξ.
1352 1638 1384 1687 3.
1401 1624 1444 1687 al.
1458 1646 1488 1687 c.
1500 1621 1521 1686 i.

481 1710 513 1791 ξ.
526 1724 574 1773 12.
597 1711 680 1773 Haec
691 1725 797 1774 autem
811 1710 877 1773 duo
890 1709 1003 1773 Ircnaei
1016 1724 1113 1794 atque
1123 1709 1313 1773 Tertulliani
1323 1709 1400 1773 loca
1413 1725 1520 1774 utrum

480 1794 564 1858 alius
585 1809 702 1878 praeter
722 1818 774 1859 me
797 1796 965 1880 qnisquam
989 1795 1021 1858 in
1045 1796 1105 1859 hac
1128 1818 1162 1858 re
1184 1795 1365 1871 adduxerit,
1392 1796 1520 1873 nesci03

480 1893 567 1943 certe
583 1882 744 1963 praeterita
758 1894 833 1944 sunt
852 1902 872 1943 a
888 1882 990 1943 Beato
1011 1880 1178 1958 Rhenan0,
1194 1882 1319 1966 Lango,
1333 1881 1520 1968 Beveregio,

479 1965 642 2050 Basnagio
655 1965 788 2029 Dissert.
804 1981 833 2040 7.
853 1966 894 2028 ad
916 1965 1037 2029 calcem
1059 1967 1141 2030 torni
1156 1968 1188 2030 ii.
1202 1965 1321 2031 Annul.
1338 1966 1519 2032 Lardnero·

505 2072 547 2115 ue
571 2052 604 2114 in
627 2051 763 2115 Dissert.
781 2051 819 2115 de
844 2050 998 2135 Epistolis
1018 2051 1137 2117 duabus
1162 2052 1315 2116 Clementi
1340 2052 1520 2117 Romanoa

482 2073 651 2205 ii'etstenio
672 2136 847 2222 adscriptis.
874 2138 959 2200 Sect.
973 2137 1018 2200 iii.
1032 2151 1063 2201 3.
1084 2160 1159 2223 pag.
1172 2152 1223 2202 48.
1250 2138 1394 2223 Anglica
1410 2139 1455 2202 liu

479 2223 671 2309 conscripta.
698 2225 759 2287 Pro
773 2227 857 2286 αὑτοῦ
872 2222 992 2286 habent
1005 2227 1081 2308 αὐτῷ
1096 2225 1173 2289 MS.
1190 2222 1282 2287 Bodl.
1297 2241 1331 2287 et
1347 2160 1521 2311 Syncetiii

526 2311 560 2373 Ρ.
571 2322 641 2373 482.
657 2308 680 2371 l.
699 2323 745 2372 15.
767 2306 814 2380 ὦς’
829 2313 851 2371 εἰ
867 2310 914 2371 nal
929 2308 997 2392 isin]
1013 2308 1067 2380 οἷος-ο
1082 2310 1130 2372 eal
1145 2314 1167 2372 εἰ
1182 2309 1236 2387 δοίη
1248 2309 1296 2373 ed.
1307 2308 1416 2394 Stepll.
1441 2312 1520 2373 Rec-

479 2396 543 2459 tius
558 2396 590 2457 in
604 2394 717 2459 codice
736 2396 860 2458 Mazar.
876 2396 900 2457 F
903 2394 958 2458 uk.
973 2407 1007 2457 et
1021 2395 1114 2458 Med.
1129 2393 1248 2480 legitur
1261 2394 1296 2469 ὥς
1308 2397 1335 2458 τ’
1350 2398 1372 2458 si
1389 2397 1437 2458 nal
1452 2395 1518 2472 δοίη.

479 2482 592 2567 Atque
605 2479 651 2545 ita
664 2479 870 2563 Nicephorus
885 2493 920 2543 et
933 2480 1112 2567 syncellus,
1122 2482 1181 2545 nisi
1197 2481 1287 2567 quod
1300 2481 1519 2567 apostrophen

480 2589 544 2630 non
573 2567 704 2629 habent.
740 2567 949 2630 Vannsws.
1006 2565 1109 2630 Addit
1146 2566 1311 2630 Strothius
1343 2566 1518 2650 Christoplt.

478 2651 582 2717 Iaectt.
599 2673 662 2737 ego
675 2651 776 2715 MSS.
789 2650 881 2715 Bodl.
896 2672 953 2714 seu
969 2650 1069 2715 Savll.
1085 2665 1119 2716 et
1130 2650 1270 2737 Norfolc.
1286 2652 1346 2716 sed
1359 2651 1414 2729 δίη
1427 2652 1520 2717 codor

478 2736 619 2823 Norfolc.
641 2737 750 2801 habet.
797 2737 897 2800 Paulo
918 2756 993 2799 vero
1016 2759 1113 2823 supra
1133 2738 1265 2802 exhibet
1284 2738 1338 2801 οὐδ’
1360 2740 1445 2801 ἐκεῖνο
1463 2759 1520 2825 per

476 2844 581 2971 apitii
598 2954 606 2970 .
624 2822 740 2971 iiiiii.r
754 2820 1030 2991 iisspliiiiro'iiioivl]
1056 2912 1105 2985 τὴν
1132 2908 1294 2973 omittitur
1321 2908 1356 2972 in
1383 2890 1518 2994 Niceplt.

477 2994 648 3057 Srsortr.
690 2993 796 3056 Abest
809 3018 844 3074 γε
859 3015 876 3055 a
891 2992 968 3055 MS.
984 2993 1098 3077 Norfol
1116 3043 1124 3058 .

484 3112 489 3119 ·
521 3078 556 3141 P.
569 3090 639 3142 483.
654 3078 676 3141 l.
692 3093 718 3140 1.
739 3077 947 3164 ωροτρέψηταο]
961 3079 1108 3176 ωςοτρέψῃ
1132 3079 1180 3143 ed.
1203 3078 1310 3163 Steplt.
1333 3091 1368 3142 et
1387 3076 1519 3165 Ntccplr.
1557 3128 1560 3132 ›

477 3175 511 3228 et
526 3163 661 3249 Syncell.
677 3164 765 3249 quod
787 3164 819 3226 in
839 3185 928 3227 suam
944 3163 1021 3228 edi-t.
1038 3167 1194 3228 revocavit
1208 3164 1385 3242 strothius,
1401 3164 1457 3227 scd
1472 3164 1518 3229 al·

477 3261 578 3314 teram
600 3249 773 3314 lectionem
792 3249 988 3313 Valerianum
1012 3249 1139 3313 firmant
1153 3249 1256 3313 MSS.
1272 3248 1367 3313 Bodl.
1387 3264 1423 3313 et
1437 3250 1520 3314 Nor·

493 3335 550 3399 oie.

465 3334 499 3421 f
520 3421 604 3486 Ibid.
626 3419 672 3505 οἲν]
695 3418 827 3485 Omittit
848 3418 980 3504 Neceplt.
1003 3419 1101 3505 paulo
1123 3431 1198 3504 post
1218 3417 1266 3499 xo)
1284 3420 1393 3495 rosim
1414 3429 1520 3507 τροφῶν

477 3505 569 3570 idem.
591 3508 761 3570 Srnorrr.

520 3592 603 3657 Ibid.
620 3592 643 3656 l.
656 3607 686 3655 3.
708 3595 743 3665 ὥς
758 3590 921 3678 γέγραπῖοᾳ]
939 3588 1097 3675 intelligit
1112 3590 1233 3667 locum,
1247 3590 1304 3674 qui
1326 3589 1465 3655 habetur
1487 3591 1518 3654 in

476 3698 547 3764 cap.
560 3701 629 3742 xxv.
645 3676 868 3742 Ecclesiastici.
904 3677 975 3740 Aut
997 3691 1084 3739 certe
1107 3676 1216 3738 locum
1237 3697 1278 3738 ex
1296 3697 1369 3760 cap.
1386 3675 1426 3739 vi.
1443 3679 1520 3740 Pro-

476 3764 667 3828 verbiorum.
690 3764 898 3826 Vanusrus.
940 3762 1045 3846 Supra
1060 3766 1095 3835 εἰς
1110 3769 1195 3824 τοῦτο
1211 3761 1289 3824 MS.
1302 3760 1445 3845 Norfolc.
1459 3784 1518 3847 pro

476 3848 608 3934 vulgato
624 3854 659 3923 εἰς
673 3848 783 3924 ταύτὸν,
796 3847 851 3910 sed
867 3851 888 3909 εἰ
904 3848 951 3910 καὶ
969 3846 1122 3910 mendose
1139 3869 1197 3931 pro
1208 3847 1320 3932 γυναικὶ
1332 3846 1412 3910 MS.
1425 3847 1517 3911 Bodl.

520 3935 603 3999 lbid.
617 3935 640 3998 l.
654 3949 684 3998 5.
706 3937 754 4010 τὴν
769 3933 844 4016 ὄψον]
861 3935 913 4007 τοὶς
927 3931 1000 4009 ὄψεις
1014 3931 1092 3995 MS.
1107 3931 1199 3995 Bodl.

520 4019 604 4083 Ibid.
621 4021 687 4083 1.6.
711 4015 1017 4105 ὑοοεςεμπομπλᾶμενος]
1042 4016 1313 4102 ὑπερεμπιπλάμεοος
1338 4016 1386 4081 ed.
1410 4017 1518 4102 Steph.

475 4105 597 4170 Melius
619 4105 651 4167 in
671 4103 783 4168 codice
797 4105 887 4166 Maz.
901 4120 934 4166 et
948 4103 1032 4166 Fuk.
1048 4103 1198 4166 scribitur
1211 4104 1519 4188 ύπερεμπομπλάμενος,

474 4211 571 4278 quam
584 4211 693 4252 vocem
708 4211 772 4251 non
785 4188 1008 4251 intellexerunt
1020 4189 1218 4273 interpretes.
1241 4189 1397 4272 Arguunt
1411 4202 1519 4272 patres

476 4275 622 4352 Paulum,
636 4272 723 4359 quod
746 4273 902 4337 formosas
923 4273 1073 4337 mulieres
1096 4295 1222 4358 semper
1236 4294 1346 4336 secum
1361 4272 1518 4354 haberet3

474 4361 573 4448 idque
588 4360 665 4423 luxu
681 4357 838 4436 diffluens,
851 4371 883 4422 et
899 4360 971 4422 vino
986 4373 1084 4443 atque
1098 4358 1201 4443 epulis
1216 4379 1285 4422 sese
1300 4357 1518 4443 ingurgitans,

474 4470 549 4533 quae
571 4445 712 4509 libidinis
733 4444 891 4507 incentiva
912 4458 997 4506 sunt.
1019 4446 1051 4505 V
1053 4463 1228 4506 nsssrus.
1271 4444 1364 4507 Dum
1388 4443 1518 4507 editioni

477 4532 584 4615 steph.
599 4529 804 4594 consentiunt
818 4528 894 4592 MS.
908 4526 1049 4610 Norfolc.
1066 4526 1228 4612 Syncellus
1243 4527 1518 4627 Nicephorusque,

366 4644 369 4649 ’
474 4631 589 4682 contra
602 4617 685 4679 favet
702 4612 877 4680 Vtilesr'once
897 4613 1028 4674 lectioni
1048 4614 1125 4678 MS.
1148 4613 1251 4679 Savil.
1272 4635 1330 4680 scu
1349 4614 1445 4679 Bodl.
1460 4637 1518 4701 qur

441 4718 444 4722 ’
472 4703 573 4768 habet
586 4701 723 4779 div-isim,
737 4699 802 4782 ὑπὲρ
818 4695 1055 4779 ἐμοιροολᾶμεοος.
