4092 5675
502 775 548 862 36
851 772 1194 841 ALuxAann.

504 972 592 1045 pore
609 944 769 1045 Babylas
787 944 994 1020 Antiochiae
1011 972 1137 1046 passus
1154 955 1221 1035 est,
1234 942 1366 1017 duetus
1380 944 1543 1018 Caesare-

504 1092 577 1157 arn,
590 1078 627 1139 et
643 1067 786 1140 clausus
804 1066 1034 1159 incarceret,
1052 1070 1099 1141 ob
1116 1067 1382 1141 confessionem
1400 1065 1541 1141 Christi

505 1189 681 1290 martyrio
698 1202 902 1266 coronatur.

544 1453 557 1483 ⁸
577 1445 617 1504 H.
629 1465 654 1505 e.
668 1448 746 1505 urbis
761 1448 880 1528 alicujus
894 1452 925 1508 in
939 1452 1123 1531 Cappadocia
1136 1454 1199 1509 sitae
1213 1453 1373 1531 episeopus.

543 1549 680 1631 bItaque
707 1556 741 1612 de
767 1556 905 1614 Narcisso
932 1557 1076 1615 intellexit
1101 1558 1308 1660 Hieronymus(
1334 1554 1411 1633 quod
1434 1554 1540 1631 legitur

503 1659 579 1737 apud
592 1659 749 1717 Eusebium
766 1663 816 1735 (vi.
831 1664 890 1736 ll.)
905 1661 966 1722 κατ’
979 1664 1152 1735 inanimalis
1171 1664 1263 1743 ιῦκτως
1279 1659 1350 1739 adep
1367 1658 1400 1718 ds’
1413 1660 1541 1739 ὁράματος

503 1772 641 1842 φανεῖσαν,
655 1768 732 1844 quod
745 1769 837 1845 possis
851 1770 938 1826 etiam
945 1769 986 1840 de
999 1768 1166 1825 Alexandro
1180 1769 1328 1846 accipere:
1351 1786 1418 1823 nam
1433 1767 1540 1823 utrius·

502 1891 558 1947 que
581 1874 690 1929 mentio
714 1875 867 1951 praecessit.
915 1874 970 1932 Sed
991 1873 1086 1931 fateor
1108 1872 1332 1952 probabiliorem
1355 1873 1426 1929 mihi
1450 1873 1540 1929 videri

503 1976 676 2053 Hieronymi
690 1978 965 2055 interpretationem.
986 1978 1168 2036 Faunrcrus.
1204 1977 1251 2034 De
1264 1976 1403 2035 Narcisso
1415 1977 1540 2036 Rufinus

503 2100 617 2157 quoque
630 2081 832 2159 interpretatus
847 2091 891 2139 est
904 2082 1010 2151 locum,
1024 2082 1075 2140 lib.
1086 2085 1123 2140 vi.
1138 2086 1212 2140 Hist.
1227 2103 1288 2160 cap.
1301 2084 1329 2140 8.

544 2194 556 2224 ⁶
578 2186 645 2243 Hoc
663 2207 724 2243 non
743 2188 854 2244 disertis
869 2188 961 2245 verbis
977 2188 1076 2255 tradit,
1091 2189 1140 2245 sed
1154 2166 1252 2265 utique
1265 2187 1483 2263 intelligendum
1495 2188 1541 2245 in·

501 2291 567 2348 nuit
587 2290 739 2349 Eusebius.
785 2291 947 2370 Adjunctns
971 2294 1109 2351 Narcisso
1132 2293 1296 2352 Alexander
1311 2295 1346 2351 in
1372 2295 1540 2373 episcopatu

503 2395 770 2475 Hierosolymitano
784 2400 820 2456 A.
833 2400 866 2457 C.
878 2402 947 2459 212.
981 2399 1090 2457 Confer
1105 2399 1322 2457 Tillemontium
1336 2410 1406 2459 tom.
1418 2402 1459 2459 iii.
1473 2401 1538 2459 Me·

501 2524 573 2562 mor.
588 2524 616 2581 p.
627 2504 696 2565 417.
716 2504 897 2563 Fannrcrus.
1364 2505 1369 2535 ¹

541 2603 616 2664 d’Er
640 2605 717 2672 titan
739 2605 892 2673 Ἐπιςολαῒς
914 2614 973 2674 ταῖς
993 2608 1059 2686 πρὸς
1078 2606 1243 2675 ’Aestuarium
1269 2608 1388 2683 (Euseb.
1407 2610 1445 2667 vi.
1468 2611 1538 2682 ll.).

501 2712 563 2770 Ubi
584 2709 723 2777 ’Erret-vade
742 2712 812 2767 dicit
832 2712 866 2768 de
888 2712 972 2774 unica
991 2712 1135 2790 Epistola,
1150 2722 1183 2769 ut
1193 2712 1361 2771 Vincentius
1377 2715 1538 2773 Lirinensis

500 2820 530 2874 in
549 2816 615 2874 loco
636 2837 721 2895 quem
739 2837 823 2895 snpra
842 2837 870 2895 p.
889 2818 953 2876 114.
973 2819 1121 2886 annotavi,
1141 2828 1170 2875 et
1188 2819 1330 2877 Eusebius
1349 2820 1384 2877 de
1405 2820 1540 2899 Epistola

502 2925 629 2982 Cornelii
640 2925 727 2985 Rom·
740 2926 774 2982 ad
786 2925 908 2983 Fabium
922 2921 996 2990 ἦλθον
1011 2931 1044 2993 riq
1058 2929 1127 3004 ἡμᾶς
1140 2925 1277 2991 'serenat
1291 2930 1425 3007 Koprubitr.
1440 2929 1477 2985 vi.
1489 2929 1539 2986 43.

502 3031 684 3090 Fannrcrns.
710 3032 852 3088 Eusebius
866 3032 924 3088 loci
937 3052 1051 3093 sensum
1064 3034 1173 3110 aperire
1184 3034 1296 3090 videtur
1307 3036 1404 3091 statim
1416 3045 1482 3112 post
1494 3031 1537 3091 ‹ti-

501 3139 603 3206 cendo,
619 3142 641 3195 ir
661 3143 727 3197 τίλκ
745 3142 790 3204 τῆς
810 3141 891 3204 αὐτῆς
909 3142 1037 3204 iares-anie,
1052 3136 1098 3193 vel
1116 3143 1138 3194 ir
1155 3143 1221 3197 elan
1242 3143 1287 3206 nie
1308 3145 1437 3210 ἔπιςολῆς,
1451 3152 1539 3219 prout

500 3244 596 3320 legere
610 3243 719 3300 mavult
733 3242 862 3300 Valesius
879 3262 915 3299 ex
933 3241 1027 3301 MStis
1042 3243 1109 3299 suis.
1150 3243 1191 3299 At
1204 3261 1272 3299 vero
1285 3244 1352 3300 huic
1366 3245 1537 3322 interpreta-¹

500 3350 577 3406 tioni
591 3358 742 3426 oppugnat
755 3347 790 3406 cl.
805 3347 917 3404 Keilius
937 3348 973 3404 ad
987 3357 1058 3404 torn.
1069 3348 1117 3404 vii.
1132 3349 1175 3405 ed.
1192 3367 1274 3404 novae
1288 3350 1453 3408 Fabricionae
1466 3352 1537 3409 But

506 3456 606 3510 Graecae
620 3472 647 3530 p.
659 3453 727 3514 287.
744 3452 792 3508 ubi
807 3453 881 3508 idem
893 3459 1032 3507 statuerat
1045 3450 1202 3509 Fabricius.

543 3563 555 3591 ⁶
583 3555 670 3613 Hauc
697 3554 858 3633 Epistolam
885 3555 920 3610 ad
948 3553 1128 3609 Demetrium
1154 3553 1309 3612 Alexandri
1337 3556 1483 3616 Hierosol.
1509 3571 1539 3623 et

500 3660 663 3717 Theoctisti
678 3659 860 3716 Caesariensis
880 3657 1042 3714 Palaestinae
1056 3660 1181 3736 episcopi
1197 3662 1313 3717 nomine
1328 3664 1462 3739 scriptam
1477 3675 1537 3721 tra·

501 3765 544 3821 dit
557 3764 631 3821 idern
646 3764 788 3821 Eusebius
799 3766 836 3821 vi.
850 3766 894 3822 19.
909 3763 956 3820 ubi
972 3764 1112 3822 nonnulla
1125 3764 1161 3821 ex
1174 3767 1272 3822 eadem
1287 3768 1410 3825 adducit.
1425 3769 1518 3826 Fara.

543 3869 769 3927 sI’roticiscenti
794 3869 968 3926 Alexandria
992 3868 1112 3944 Origeni
1137 3873 1315 3929 testimouium
1341 3875 1539 3935 Ecclesiastico

501 3976 634 4050 Epistola
651 3974 768 4031 dederat
785 3973 960 4041 Demetrius
976 3975 1053 4050 quod
1073 3975 1228 4052 probantes
1250 3980 1376 4055 episcopi
1392 3979 1454 4056 jam
1477 4001 1538 4038 me·

405 4090 411 4102 ·
501 4079 618 4146 morati,
633 4088 719 4155 atque
740 4077 874 4154 Origeuis
891 4079 1026 4135 virtutem
1042 4088 1070 4134 et
1089 4079 1248 4136 doctrinam
1268 4082 1439 4152 admirantes
1456 4083 1538 4145 illum

499 4184 604 4242 deinde
624 4182 822 4262 presbyterum
843 4185 873 4240 in
894 4183 1049 4240 Palaestina
1071 4185 1248 4254 ordinavere,
1271 4198 1302 4243 ut
1323 4189 1430 4245 dictum
1452 4209 1538 4269 supra

497 4311 563 4370 cap.
575 4290 624 4348 54.
644 4290 825 4347 Fnsnrcrus.
1432 4300 1434 4304 ’

541 4407 555 4446 Β
575 4394 621 4453 De
635 4397 680 4453 his
694 4397 767 4453 nibil
780 4396 855 4474 apud
868 4395 1035 4454 Eusebium.
1056 4394 1236 4453 Fannrcrus

540 4501 555 4540 h
577 4505 660 4561 Circa
674 4505 710 4561 A.
723 4502 757 4560 C.
770 4504 838 4560 25l.
862 4502 972 4582 Asnagpi
989 4500 1059 4582 piget
1078 4502 1123 4560 aeti
1141 4503 1222 4583 σεμνῇ
1236 4505 1323 4583 mansei
1339 4512 1536 4582 κατιςεμμίιος,

502 4631 579 4669 anno
594 4613 774 4688 episcopatus
796 4609 1054 4685 Hierosolyuritani
1068 4613 1117 4669 39.
1139 4611 1212 4667 l'idc
1226 4605 1383 4671 Eusebium
1396 4615 1432 4672 vi.
1444 4604 1499 4674 '391
1509 4629 1538 4672 et

501 4720 550 4778 46.
571 4718 752 4778 Faoarcrus.
