4092 5675
639 785 692 851 IN
713 781 935 851 AFRICANI
960 781 1217 850 CHRONICA.
1384 784 1444 853 261

451 955 486 1021 Ρ.
502 953 605 1021 136.1.
621 972 648 1019 1.
670 957 717 1021 καὶ
735 960 784 1035 τὴν
802 960 873 1044 ἱερὰν
891 954 1052 1043 συνέγραψε
1065 952 1176 1039 didm]
1192 953 1297 1019 Etiam
1313 954 1379 1042 ἶεςδν
1393 954 1444 1019 λέ·

400 1059 456 1127 γον
469 1041 597 1141 scripsit
612 1043 750 1107 Hermes
763 1041 1004 1129 Trismegistus‚
1015 1040 1235 1128 cujus-mices
1249 1062 1313 1104 non
1326 1061 1446 1140 paucas

401 1126 559 1214 producit
573 1128 721 1192 Stobaeus
736 1128 769 1191 in
786 1128 940 1215 Physicis.
986 1129 1142 1192 Praetcrea
1158 1126 1320 1213 Dialogus
1334 1125 1388 1191 ille
1402 1126 1444 1192 ab

401 1212 551 1299 Apuleio
573 1214 708 1278 Latinus
730 1212 1045 1300 factus'praeierebat
1065 1212 1195 1277 titulum
1216 1218 1283 1297 ἱεροῦ
1304 1211 1390 1297 λόγου
1410 1213 1444 1277 in

403 1298 644 1386 manuscriptis.
669 1301 778 1365 scic.
793 1300 886 1363 Notis
900 1299 933 1363 in
953 1297 1068 1363 θνανεα
1083 1297 1210 1363 Eusebis'
1224 1298 1265 1363 ad
1280 1319 1313 1384 p.
1324 1310 1396 1363 412.

450 1384 536 1450 lbld·
551 1385 574 1449 l.
588 1400 617 1449 2.
640 1384 670 1462 ils
685 1388 720 1460 ὥς
734 1386 813 1470 μέγα
823 1391 926 1472 χρῆμα
938 1388 964 1448 ἓν
976 1384 1104 1470 Αἰγῦπῑῳ
1118 1383 1258 1468 γενόμενος
1269 1384 1442 1468 ἐκτησάμην]

405 1469 484 1534 Hoc
507 1468 622 1535 saltem
645 1492 685 1535 ex
707 1493 806 1535 manu
826 1470 981 1550 Africani,
996 1491 1061 1535 non
1083 1470 1304 1549 ManethoniS,
1318 1472 1445 1555 pmlec·

404 1565 476 1619 tum
491 1556 627 1621 videtur.
672 1555 758 1621 Illud
778 1579 852 1622 vero
871 1556 911 1620 de
934 1554 1095 1620 Herodoti
1115 1554 1200 1633 loco,
1216 1556 1353 1620 scribere
1368 1557 1445 1619 Ma·

405 1639 508 1741 netho
529 1654 667 1728 poterat,
682 1643 749 1729 qui,
772 1656 853 1708 teste
874 1642 1019 1728 Josepho
1040 1639 1097 1750 lib.
1112 1642 1139 1704 I.
1163 1641 1279 1751 Contra
1292 1641 1448 1751 Apionos

404 1727 770 1887 &abf'tlllrll
786 1728 1447 1897 111111111111111111

402 1896 1448 2050 11111111111111111111111111110512

404 2072 428 2105 “
438 2073 545 2154 χρῆμα
552 2005 654 2134 gillum
674 2069 825 2148 habeant,
841 2071 898 2135 sed
919 2006 1106 2136 falsum'dst
1120 2069 1183 2135 hoc
1197 2006 1448 2135 idlmsseirllyri·

403 2155 428 2192 “
441 2173 575 2233 canum,
591 2156 646 2240 qui
670 2155 783 2241 ἑρμαίαν
806 2156 881 2220 loco
905 2155 994 2235 dicit,
1011 2175 1045 2218 se
1061 2153 1125 2218 hoc
1145 2154 1294 2220 volumen
1314 2168 1447 2219 nactum

404 2243 430 2278 “
444 2237 556 2303 husee.
600 2241 666 2307 Sed
681 2242 824 2307 solennia
838 2241 1052 2306 hallucinatur
1067 2240 1261 2305 Eusebius.”
1305 2242 1357 2305 Ita
1382 2241 1448 2319 ille,

405 2319 543 2390 forsitan
565 2347 641 2390 vero
665 2329 783 2392 rectius
805 2328 931 2407 dixeris,
954 2326 1024 2391 haec
1048 2325 1090 2391 de
1111 2325 1268 2392 industria
1287 2326 1449 2390 reduxisse

405 2410 599 2559 Elgsebium,
614 2435 655 2477 ne
673 2413 707 2479 id
726 2414 814 2500 quod
827 2413 983 2478 Africano
999 2412 1191 2498 contigerat,
1205 2411 1266 2476 sibi
1286 2432 1449 2477 assumere

404 2517 435 2559 vr
459 2509 579 2562 eretur.

452 2580 538 2666 lbid.
553 2580 576 2644 l.
590 2599 622 2660 9.
644 2581 689 2660 ἔτη
704 2582 786 2669 aad]
807 2582 881 2648 cal.
901 2582 1044 2670 Scaliger
1059 2581 1280 2670 reponendum
1296 2604 1366 2648 esse
1381 2582 1450 2683 sig·

406 2663 527 2732 nificat.
567 2668 728 2733 Eusebius
742 2683 850 2734 autem
888 2681 941 2734 ost
953 2682 1169 2734 memoratum
1184 2668 1290 2733 solum
1305 2691 1346 2733 ex
1359 2690 1447 2755 regr-

406 2750 473 2816 bus
492 2750 591 2841 hujus
613 2754 782 2842 Dynastiac
802 2692 944 2835 Sutliim,
967 2754 1032 2820 hoc
1054 2754 1121 2834 ait;
1143 2756 1240 2819 τῶνδὲ
1261 2760 1363 2819 λοιπῶν
1377 2756 1449 2819 οὐδὲν

406 2838 650 2922 ἀξιομνημόνευτον
664 2842 817 2929 ἀνεγράφη.
840 2849 864 2906 cl
878 2844 904 2906 δὲ
919 2841 1105 2907 {daciarum
1120 2840 1165 2920 ἔτη
1180 2839 1254 2924 υμη’.

450 2922 537 2990 lbid.
552 2924 575 2989 l.
591 2940 639 2990 11.
662 2925 707 3005 ἔτη
723 2926 817 3013 quast]
833 2927 911 3014 afy'.
926 2927 1049 2993 indicat
1060 2927 1265 2993 scribendum
1280 2947 1351 2993 esse
1364 2925 1449 2993 Scal.
1566 2966 1568 2971 ·

773 3130 1015 3206 DYNASTIA
1044 3131 1087 3197 V.

451 3260 537 3326 Ibid.
553 3262 577 3327 l.
592 3277 642 3327 22.
667 3261 808 3343 βασιλέων
835 3265 866 3340 ἐξ
889 3260 1097 3347 Ἐλεφαντίνης]
1126 3260 1270 3346 Scaliger
1293 3260 1396 3327 edidit
1420 3266 1451 3342 ἐξ

403 3347 622 3430 Rhombus,
636 3348 776 3429 βασιλέων
789 3347 829 3412 θ’.
845 3349 924 3413 MS.
938 3346 1027 3432 prior
1040 3345 1205 3411 Parisinus
1219 3344 1361 3426 βασιλέων
1375 3346 1411 3424 η’.

453 3432 538 3498 lbid.
554 3433 578 3497 l.
593 3448 642 3498 23.
666 3435 860 3522 Οὐσερχέρης]
883 3435 934 3498 Ita
957 3432 1113 3519 Scaliger,
1128 3431 1326 3496 firmantibus
1340 3432 1451 3497 Mstis

404 3518 514 3584 Poris.
543 3520 603 3604 pro
621 3519 700 3583 Οὐσέ
744 3547 795 3607 spa
820 3517 991 3607 Syncelliai
1016 3520 1130 3583 tenetls.
1166 3517 1324 3581 Eusebius
1338 3531 1449 3583 autem

404 3605 541 3690 regibus
561 3547 832 3706 omnibuiilru‘us
852 3605 1021 3706 Dgnastiae
1035 3602 1171 3669 omissis
1188 3603 1335 3669 bifariam
1348 3603 1451 3686 illam,

405 3711 643 3840 qussffieffiltglse·
654 3702 962 3866 sssggggssnggrsnctffi
971 3701 1148 3863 Ξῒρᾷνφέρης
1161 3775 1194 3840 in
1210 3776 1295 3863 Ἱςορ.
1308 3777 1448 3860 Συναγω-

403 3866 457 3961 γῇ.
471 3860 529 3925 sed
542 3860 575 3924 in
588 3861 700 3927 caron.
714 3864 840 3951 Isagog.
853 3860 1079 3948 Nepherclreres
1093 3860 1344 3947 imprimendum
1356 3881 1450 3927 cura-

404 3959 463 4012 ut.
984 3970 987 3975 '

452 4030 539 4097 lbid.
555 4033 576 4096 l.
592 4039 642 4099 26.
664 4031 787 4117 Σίν-ιρις]
804 4030 888 4096 Scal.
908 4030 1027 4118 Σίσνχνς
1045 4031 1080 4096 in
1097 4033 1155 4105 ‘lfo
1175 4028 1310 4117 .Σνναγ.
1325 4031 1382 4097 sed
1397 4031 1449 4098 Si·

404 4117 479 4183 siris
494 4118 527 4182 in
545 4118 658 4183 Chaon.
676 4119 800 4206 lscgog.
836 4115 951 4200 Σισίρης
967 4118 1043 4183 MS.
1056 4115 1138 4182 alter
1150 4056 1255 4181 luris.

451 4203 538 4268 Ibid.
556 4204 580 4267 l.
597 4217 646 4280 27.
669 4203 770 4290 Χέρης]
789 4203 873 4268 Scal.
887 4201 1020 4287 Ἐχέρης.

451 4288 816 4376 Ρ.1”37.1.1.Ῥαθουρ1ς
841 4286 886 4366 ἔτη
908 4286 978 4373 ua]
997 4287 1082 4352 Scali
1107 4309 1142 4351 er
1163 4287 1384 4354 characterum
1407 4289 1447 4356 α’.

404 4387 442 4441 et
455 4372 488 4438 δ’.
505 4373 715 4439 similitudine
730 4375 885 4460 deceptus
899 4373 962 4455 μα’.
978 4373 1045 4438 vice
1058 4309 1114 4455 aad.
1130 4373 1235 4439 reddit
1249 4375 1282 4439 in
1296 4376 1448 4459 Excerpt.

404 4462 561 4526 Errorem
576 4459 684 4546 arguit
699 4481 826 4524 summa
837 4472 907 4523 218.
921 4480 960 4523 ex
972 4479 1088 4544 regum
1101 4475 1132 4537 9.
1147 4458 1283 4524 istorum
1298 4457 1448 4524 aetatibus

404 4544 501 4612 alteri
519 4551 607 4609 1046.
623 4568 781 4610 annorum
801 4567 938 4609 summac
956 4543 1192 4630 componenda,
1209 4567 1281 4629 quae
1301 4543 1387 4607 solos
1408 4543 1448 4608 li·

404 4644 461 4697 cet
477 4637 566 4696 1264.
581 4630 705 4711 reddat,
722 4631 834 4696 nonin
849 4629 1042 4695 monadibus
1056 4629 1112 4694 sed
1133 4629 1166 4693 in
1183 4626 1358 4694 decadibus
1372 4649 1447 4714 pra·

403 4718 540 4785 vitatem
562 4717 737 4786 admissam
759 4717 853 4785 fateri
875 4716 978 4802 cogit.
1021 4715 1091 4784 Ubi
1103 4736 1178 4784 vero
1191 4735 1279 4784 error
1290 4713 1448 4783 locandus

904 4816 950 4866 83
