4092 5675
737 761 792 838 tu
812 767 1037 836 arricum
1061 757 1318 837 ennomus.
1485 783 1551 856 255

499 975 512 988 -
546 921 772 1019 1);132.1.19’.
793 945 869 1023 μότὰ
888 943 935 1005 rii
958 940 1177 1024 κατακλυσμὸν]
1192 941 1245 1005 Sic
1267 959 1301 1004 se
1321 939 1420 1020 habet
1432 935 1549 1004 titulus

487 1023 594 1124 {pud
605 1021 806 1111 Syncelium.
849 1027 1058 1112 Quamquam
1073 1028 1248 1089 Africanus
1264 1022 1438 1111 Dynastias
1452 1024 1550 1092 hasce

500 1129 539 1172 m
558 1109 711 1208 AEgypto
731 1111 873 1174 extitisse
894 1126 972 1196 post¹
993 1111 1124 1175 Noachi
1146 1108 1300 1174 diluvium
1323 1108 1436 1194 procul
1459 1101 1549 1187 omui

499 1191 609 1257 ‘dubio
623 1194 802 1273 intellexit3
825 1217 940 1280 regum
957 1211 1065 1259 tamen
1086 1197 1118 1258 in
1138 1195 1272 1278 singuiis
1289 1193 1360 1279 ejus
1382 1191 1554 1278 Dynastii's‘

501 1277 594 1357 anni,
604 1295 702 1364 prout
716 1302 800 1344 nunc
815 1279 975 1344 habentur
989 1279 1127 1356 numeri,
1138 1279 1235 1363 louge
1247 1293 1397 1362 superant
1410 1299 1549 1361 compu-

501 1362 662 1428 tationem
673 1364 829 1450 temporis
839 1367 881 1428 ab
893 1366 965 1450 ipso
977 1364 1130 1440 Africano
1143 1366 1351 1429 constitutam
1369 1366 1450 1427 inter
1463 1362 1550 1426 diiu-

502 1446 593 1512 vium
606 1461 640 1512 et
653 1439 825 1527 Persicam,
836 1455 909 1534 quae
921 1448 1036 1512 ultima
1046 1462 1107 1524 est,
1120 1449 1325 1535 Dyuastiam.
1354 1450 1388 1511 N
1390 1469 1427 1510 ec
1440 1460 1551 1510 tamen

500 1530 572 1610 ille,
586 1534 642 1618 qni
663 1555 822 1598 annorum
844 1555 988 1598 summas
1007 1533 1104 1598 simul
1124 1533 1269 1618 collegit,
1291 1532 1355 1596 sive
1376 1532 1551 1610 Aiiicauus

502 1615 617 1694 fiterit,
631 1618 697 1682 site
716 1618 799 1682 alius
842 1619 991 1703 uinpimn,
1005 1618 1128 1702 aliquas
1151 1617 1327 1704 Dynastias
1349 1617 1445 1680 simul
1469 1615 1552 1680 exti-

503 1698 583 1764 tisse
596 1701 777 1780 affirmavit,
795 1637 842 1782 (ii
856 1704 947 1789 quod
960 1703 1097 1767 fortasse
1112 1717 1219 1766 tamen
1234 1715 1342 1765 verum
1358 1714 1418 1778 est,
1435 1701 1550 1765 saltem

501 1807 526 1854 ⁸
539 1785 654 1850 multis
674 1785 884 1872 chronologis
906 1790 1079 1868 statutum)
1098 1785 1154 1850 sed
1175 1809 1274 1850 unam
1294 1786 1386 1850 alteri
1401 1785 1482 1860 fecit¹
1495 1806 1549 1850 nr-

504 1869 582 1935 dine
599 1871 757 1957 temporis
773 1873 975 1951 successisse,
988 1872 1035 1934 ita
1056 1879 1093 1936 ut
1113 1894 1177 1936 una
1197 1892 1354 1935 annorum
1370 1881 1498 1934 summa
1512 1891 1552 1934 ex

503 1954 598 2020 annis
619 1957 765 2020 omnium
786 1958 1018 2044 Dynastiurum
1042 1957 1240 2020 conficiatur.
1281 1956 1379 2019 Porro
1394 1955 1482 2018 haud
1496 1977 1553 2018 ex·

498 2033 687 2118 ¹istimatum
701 2041 778 2105 olim
793 2063 863 2105 esse
877 2041 1054 2128 Dynastias
1069 2041 1229 2126 σηχρόνες
1247 2040 1358 2116 fuisse,
1374 2039 1408 2102 id
1424 2061 1497 2104 veru
1513 2048 1554 2104 e'x

502 2121 670 2210 Dynastia
682 2141 782 2190 xvrr.
798 2127 881 2191 forte
892 2125 1112 2210 colligendum
1126 2141 1187 2202 est.
1212 2125 1351 2189 Constat
1364 2124 1553 2202 Eusebium,

499 2223 580 2356 ¹gost
605 2209 730 2274 namin
746 2199 965 2274 Cbroniwrum
981 2221 1115 2274 suorum
1131 2211 1270 2295 priorem
1292 2223 1415 2294 purtem
1438 2225 1552 2272 omnes

529 2315 565 2358 ss
616 2294 757 2380 yriastias
773 2295 944 2372 retulisset,
961 2295 991 2358 in
1008 2305 1460 2380 canonequoque‚e01i1puto
1476 2279 1550 2378 qui·

497 2375 582 2443 dem
608 2379 680 2443 inee
705 2396 740 2444 to
763 2402 838 2444 cum
866 2379 1038 2465 Dynamio,
1064 2399 1160 2464 quam
1187 2394 1308 2442 sextam
1335 2379 1494 2441 decimam
1517 2391 1552 2442 et

504 2463 666 2549 νόγχρονον
676 2400 866 2528 fibrahamn
878 2479 982 2543 vocat,
994 2463 1077 2528 hanc
1090 2477 1212 2528 sextam
1229 2457 1388 2546 decimam
1404 2463 1554 2526 caeteras³

500 2567 571 2634 ¹que
582 2549 816 2634 subsequentes
828 2549 1023 2624 exhibuisse,
1033 2549 1165 2634 regibus
1176 2547 1327 2611 omnibus
1341 2547 1400 2612 sibi
1414 2541 1551 2624 invicem

498 2631 621 2712 -nrdine
635 2634 896 2700 suecedentibus.
932 2634 976 2698 Et
989 2634 1093 2698 simile
1109 2633 1188 2720 quid
1203 2633 1315 2698 fecisse
1330 2656 1348 2696 a
1367 2615 1428 2696 iine
1442 2628 1553 2712 diluvii

497 2717 646 2782 :arbitror
657 2719 862 2797 Africanum,
875 2740 908 2782 re
922 2719 967 2782 ita
979 2733 1086 2804 gesta,
1100 2731 1139 2782 ut
1154 2717 1272 2781 rn'uitas
1287 2717 1401 2781 harum
1419 2718 1553 2802 Dynas-

507 2803 625 2869 tiarum
648 2803 698 2868 vel
720 2803 973 2891 praetermiserit,
988 2803 1035 2868 vel
1061 2800 1258 2881 breviaverit,
1280 2812 1359 2889 quas
1379 2819 1419 2867 ex
1437 2797 1555 2867 Mane³

507 2888 610 2954 thone
619 2888 773 2954 collectas
782 2891 868 2975 prius
879 2888 1122 2966 exhibuerat3si
1132 2888 1233 2953 modo
1242 2888 1427 2968 Africanus,
1438 2902 1556 2975 qnem³

507 2972 689 3039 admodum
713 2989 827 3059 postes
847 2974 924 3039 fecit
945 2974 1116 3052 Eusebius,
1136 2973 1169 3038 in
1190 2974 1301 3039 tabuis
1322 2973 1430 3061 aliqua
1451 2982 1553 3038 annos

507 3058 624 3143 mundi
638 3072 753 3123 omnes
766 3058 858 3146 quasi
872 3078 1029 3144 expansos
1045 3060 1190 3143 posuisse
1203 3073 1381 3123 censeatur.
1403 3044 1488 3123 Vide
1503 3058 1555 3123 ins

497 3142 650 3209 ‚fra'not
672 3143 713 3208 ad
734 3146 767 3209 D
792 3167 825 3208 n.
848 3150 913 3211 avt
930 3158 966 3208 et
987 3146 1091 3209 Num.
1112 3151 1247 3215 xxxvii
1293 3145 1421 3208 Interea
1441 3157 1556 3219 contra
1652 3170 1654 3175 ·

498 3222 722 3294 Manethonis
736 3169 832 3293 ficiem
848 3244 946 3315 atque
959 3228 1184 3309 auctoritatem
1207 3228 1301 3291 multi
1324 3227 1427 3293 multa
1442 3226 1554 3312 dispu-

500 3314 629 3392 ¹ierunt,
644 3314 728 3377 inter
748 3326 831 3400 quos
848 3314 889 3393 nit
907 3312 1100 3399 Bryantium
1122 3312 1155 3375 i'n
1169 3312 1325 3397 Antiquae
1338 3296 1554 3397 Myrtoiogiae

499 3396 600 3461 Auel
621 3397 850 3463 simonenter'n
871 3398 982 3477 habes,
997 3397 1094 3460 obelo
1110 3395 1252 3481 figendas
1267 3411 1337 3459 esse
1351 3413 1465 3460 omnes
1480 3418 1554 3459 oms

498 3484 587 3547 -niuo
636 3484 788 3569 ynastias‚
799 3492 872 3569 quae
889 3496 964 3547 ante
981 3483 1148 3545 Pastorum
1163 3480 1250 3543 illam
1263 3490 1326 3545 xva
1339 3479 1453 3565 positae
1466 3493 1553 3559 sunt,

497 3565 602 3651 -quasi
621 3589 680 3715 qen
696 3578 836 3633 errorem
854 3568 1055 3663 Graecorum·
1069 3566 1227 3647 invectam
1250 3564 1285 3629 id
1306 3586 1380 3631 vero
1398 3585 1473 3631 mea
1491 3564 1555 3629 mi·

496 3662 570 3717 ¹trus
587 3674 621 3717 re
637 3665 698 3718 erti

881 3796 1124 3924 brussati
1153 3842 1180 3922 12

552 3976 641 4059 ibid}
657 3984 680 4058 1.
692 4008 742 4058 22.
764 4000 851 4059 Μετὰ
872 3995 969 4069 asarias
991 3995 1039 4058 nai
1061 3996 1123 4069 τοὺς·
1142 3976 1282 4077 ipsidiam]
1301 3974 1354 4057 Sic
1376 3974 1556 4073 &mediano

497 4128 501 4139 .
513 4066 557 4143 Dr
569 4078 676 4143 nostia
694 4080 916 4167 Marathonis,
932 4080 989 4143 ubi
1010 4080 1076 4165 legi
1092 4100 1186 4164 posse
1200 4090 1310 4142 censet
1324 4079 1409 4151 Scali
1455 4103 1479 4158 r,
1492 4080 1556 4154 τοὺς

514 4102 701 4247 ὶα1ἡμιθὲεςι
738 4158 815 4228 Not.
832 4164 865 4229 in
884 4164 998 4229 Graeca
1014 4152 1272 4248 Eusebiip.4ll·.
1315 4162 1406 4228 Simii
1421 4164 1558 4251 terqui·
1581 4168 1583 4173 ¹

514 4248 585 4335 dein
597 4248 750 4335 Africani
762 4248 861 4313 editio
874 4249 1018 4336 ejusdem
1031 4249 1212 4336 Dynastiae,
1224 4252 1312 4311 Μετὰ
1321 4249 1417 4325 aazia,
1428 4241 1477 4323 rig
1490 4257 1556 4331 ἧμι-

514 4334 601 4408 bissi.
653 4332 740 4397 Cum
767 4346 841 4396 vern
866 4328 1016 4398 habuerit
1040 4334 1080 4397 de
1104 4332 1313 4396 Manethonis
1335 4346 1433 4418 opere
1454 4322 1556 4413 istaec,

515 4436 585 4567 qua
602 4433 793 4567 seqquntur,
805 4419 966 4519 Georgius
979 4414 1148 4506 Syncelius
1162 4418 1203 4480 ad
1214 4439 1246 4502 p.
1256 4431 1306 4480 4ο.
1322 4416 1556 4562 Chroqqgruek.

496 4502 1284 4674 .,tibisttibiti'ttfssttdttitttSiti
1308 4506 1557 4651 itatem

494 4674 605 4759 »operi
625 4696 686 4755 suo
700 4674 899 4760 premissam
915 4673 1079 4760 Georgius
1094 4685 1169 4737 ante
1184 4669 1407 4766 descripserat)
1425 4671 1473 4759 sai
1487 4672 1555 4757 erpi
