4092 5675
802 1159 1411 1288 Auuornrrouns

632 1369 664 1393 ”
719 1386 788 1504 'ru
821 1422 1124 1505 eamcam
1158 1385 1502 1506 cunouicn.

594 1901 599 1912 .
644 1853 741 1919 Qum
770 1853 819 1918 fra
878 1864 953 1919 enta
976 1865 1156 1941 sequuntur
1182 1853 1384 1920 celeberrimi
1409 1852 1526 1941 Operis
1550 1853 1635 1921 Julii

588 1938 745 2019 Africani,
769 1940 803 2003 in
839 1940 924 2005 'bros
948 1941 1092 2028 quinque
1113 1941 1192 2005 olim
1213 1941 1245 2006 di
1307 1941 1343 2020 ti,
1365 1962 1404 2004 ea
1427 1940 1570 2006 maxime
1590 1963 1633 2006 ex

589 2024 728 2113 Georgii
749 2025 892 2114 Synoelli
916 2026 1220 2114 Cironogrupdio,e
1288 2026 1406 2114 partim
1433 2048 1474 2091 ex
1496 2026 1631 2092 Eusebii

587 2111 829 2198 Praepuratione
841 2124 875 2177 et
888 2113 1159 2178 Deruonstrutioue
1170 2112 1351 2207 Evangelii,
1365 2112 1505 2187 Cedreni
1517 2112 1634 2178 Hara-

587 2198 710 2278 rierur'n
734 2200 929 2286 compendio,
954 2200 1088 2286 aliisque
1112 2201 1311 2279 auctoribus,
1332 2198 1463 2286 collegi.
1513 2201 1632 2286 Quum

587 2306 664 2351 vero
678 2285 759 2351 liber
773 2286 828 2350 ille
841 2287 978 2387 Georgii
991 2285 1134 2374 Syncelli
1148 2308 1304 2373 perquam
1318 2285 1493 2356 mendosus
1506 2284 1547 2348 in·
1558 2284 1635 2350 uul-

586 2392 627 2436 ω
638 2371 709 2459 ejus
721 2372 863 2438 editione
876 2372 1053 2452 Parisiensi,
1064 2394 1139 2436 nam
1149 2375 1308 2444 Venetam
1321 2373 1391 2458 ejus
1401 2369 1632 2456 repetitionem

586 2456 622 2523 in
639 2460 770 2543 Corpore
784 2460 963 2558 &contiuo
979 2458 1068 2526 haud
1081 2480 1203 2537 moror,
1217 2470 1315 2537 extet,
1328 2456 1550 2524 inconciliare
1564 2456 1632 2543 igi-

586 2559 643 2609 tur
662 2545 918 2631 frequentrssime
939 2544 1073 2610 adhibui
1091 2544 1237 2610 Africani
1258 2556 1407 2629 excerpta
1427 2542 1569 2628 plurima
1588 2564 1632 2607 ex

588 2630 735 2715 Georgio
756 2630 819 2694 isto
841 2645 918 2694 tuno
940 2631 1063 2696 inedito
1084 2654 1104 2694 a
1124 2630 1193 2694 viro
1212 2652 1340 2694 summo
1360 2628 1506 2715 losepho
1524 2627 1632 2694 sculi-v

587 2736 670 2801 gero
688 2714 891 2800 deprompta,
905 2727 1002 2801 atque
1016 2716 1050 2779 in
1068 2714 1262 2780 Collectunea
1277 2736 1335 2779 sua
1352 2714 1478 2794 Grceca,
1493 2736 1568 2800 quae
1587 2712 1632 2778 ad

590 2800 744 2867 Chronica
762 2801 893 2866 Eusebii
907 2800 987 2866 olim
1005 2801 1196 2886 pertinuisse
1210 2813 1330 2882 censet,
1344 2799 1455 2866 relata.
1498 2799 1632 2864 Etenim

588 2886 735 2972 Scaliger
755 2909 821 2950 non
839 2908 878 2950 ex
899 2889 1085 2973 conjectura
1098 2900 1236 2967 tantum,
1252 2887 1309 2952 sed
1324 2887 1423 2951 etiam
1443 2907 1506 2973 ope
1529 2886 1632 2950 inter-

588 2971 668 3036 dum
683 2994 761 3036 usus
775 2972 911 3037 aliorum
926 2973 1083 3037 librorum
1100 2987 1217 3059 praeter
1238 2973 1379 3061 Syncelli
1393 2973 1467 3036 cod.
1483 2972 1635 3037 aGoaro

587 3073 702 3146 postea
716 3058 803 3145 typis
816 3059 1016 3137 mandatum,
1028 3059 1101 3124 loca
1115 3060 1252 3146 plurima
1264 3059 1356 3123 aliter
1370 3058 1451 3144 legit
1459 3082 1470 3137 3
1487 3079 1632 3144 quorum

579 3144 743 3210 'nonnulla
758 3145 849 3231 quasi
869 3166 887 3210 a
910 3145 1074 3230 Scaligero
1088 3145 1196 3210 vitiata
1215 3145 1403 3209 memoravit
1417 3140 1557 3222 Goarus,
1572 3143 1633 3209 sed

587 3231 704 3318 injuria
716 3231 848 3318 quidem
860 3231 1046 3317 saepissime,
1056 3230 1118 3295 alia
1126 3253 1200 3295 vero
1215 3230 1369 3316 neglexit,
1378 3228 1454 3293 dum
1471 3228 1560 3292 idem
1575 3229 1633 3294 ille

588 3317 733 3405 syncelli
747 3316 850 3381 editor
871 3317 978 3403 plures
997 3317 1174 3389 earundem
1195 3317 1372 3381 lectionum
1388 3315 1430 3379 ad
1445 3336 1536 3378 oram
1559 3315 1633 3381 edi-

587 3404 686 3468 tionis
702 3426 767 3468 suae
782 3425 815 3467 re
839 3405 935 3481 osuit,
952 3403 1040 3466 nulla
1056 3402 1220 3466 mentione
1234 3404 1320 3466 facta
1334 3400 1499 3487 Scaligeri.
1538 3401 1634 3466 Huic

587 3504 698 3554 autem
718 3488 786 3552 viro
809 3425 854 3552 iil.
876 3487 959 3551 Seali
986 3510 1041 3552 ero
1065 3489 1219 3553 nonn‘ulla
1245 3487 1379 3573 Georgii
1404 3485 1548 3574 Syncelli
1572 3510 1632 3552 ex-

587 3596 642 3639 cer
666 3588 699 3638 ta
713 3595 779 3659 prae
793 3574 941 3636 manibus
957 3510 1066 3652 fuisse,
1080 3587 1252 3660 antequam
1267 3572 1447 3658 Georgium
1465 3572 1576 3658 ipsum
1590 3596 1633 3639 ex

586 3597 786 3726 bibiiotheca
807 3659 907 3744 Regia
929 3658 1094 3723 Parisiensi
1106 3675 1218 3724 nactus
1234 3672 1331 3738 esset,
1345 3670 1473 3721 constat
1486 3679 1527 3722 ex
1543 3659 1631 3745 Epi-

588 3745 677 3811 stoiis
695 3745 765 3832 ejus
784 3760 851 3810 151.
873 3758 907 3808 et
931 3760 998 3822 159.
1022 3745 1105 3809 inter
1127 3767 1161 3809 se
1182 3744 1318 3809 collatis.
1364 3745 1463 3808 Porro
1479 3744 1632 3812 Goarum

587 3854 721 3919 quoque
749 3829 858 3917 aliqua
882 3830 1043 3917 ejusmodi
1071 3832 1104 3895 in
1130 3831 1272 3895 editione
1298 3829 1482 3894 adhibuisse
1511 3845 1635 3916 praeter

585 3917 814 4003 Scaligeriana,
828 3930 925 4002 atque
938 3917 1044 4002 ipsum
1059 3939 1125 4004 quo
1141 3917 1303 4002 praeeipue
1317 3938 1393 3979 usus
1409 3928 1458 3979 est
1476 3917 1633 3997 MStum,

586 4002 807 4087 colligendum
823 4001 946 4066 videtur
965 4025 1004 4066 ex
1023 4003 1135 4072 multis
1158 4002 1383 4066 additamentis
1398 4023 1471 4086 quae
1486 4001 1632 4089 margini

586 4088 732 4175 Syncelli
752 4089 801 4151 sui
816 4089 856 4150 ab
872 4109 911 4150 eo
927 4088 1027 4152 adlita
1047 4101 1133 4155 sunt.
1178 4087 1325 4151 Certiora
1346 4098 1454 4151 autem
1477 4109 1632 4153 nonnun-

587 4194 687 4273 quam
703 4173 744 4236 de
758 4173 808 4236 his
822 4173 1048 4239 variationibus
1062 4174 1252 4251 attulissem,
1268 4173 1295 4236 si
1309 4172 1354 4237 vir
1372 4171 1516 4239 eruditus
1539 4174 1632 4238 Pari-

584 4258 642 4326 siis
662 4279 762 4356 nuper
783 4257 902 4342 degens
918 4259 1116 4345 Syneellum,
1131 4282 1229 4344 quem
1250 4259 1394 4344 parabat,
1412 4257 1484 4326 orbi
1497 4257 1632 4323 literato

409 4370 412 4379 ·
482 4348 484 4352 ’
585 4349 866 4411 communicasset.
910 4344 1065 4414 Attamen
1088 4367 1156 4408 rem
1178 4344 1331 4408 benevole
1350 4356 1544 4429 procurante
1559 4345 1632 4410 viro

585 4430 690 4496 nobili
710 4429 849 4494 Ricardo
871 4431 995 4509 Heber,
1013 4430 1066 4494 cui
1090 4430 1230 4494 multum
1258 4429 1352 4493 bonae
1371 4429 1472 4493 literae
1493 4429 1631 4510 debent,

583 4517 658 4603 plus
672 4515 769 4580 etiam
784 4514 918 4601 posthac
934 4516 1111 4594 debebunt,
1127 4517 1332 4580 collationem
1350 4514 1490 4579 duorum
1506 4517 1630 4581 Msto.

584 4624 656 4678 rum
673 4601 960 4666 vetustissimorum
976 4611 1030 4664 τῶν
1043 4602 1144 4687 ῥήσεων
1159 4601 1305 4665 Africani
1326 4600 1413 4687 apud
1435 4601 1628 4687 Syncellum

583 4687 620 4769 iu
632 4686 746 4766 eadem
761 4687 927 4761 Parisiensi
941 4687 1138 4761 bibliotheca
1151 4699 1384 4767 asservatorum
1398 4687 1520 4779 accepi.
1545 4687 1627 4754 Illo·
