4092 5675
500 771 566 859 44⁸
841 766 1204 838 nmoranours

503 942 746 1031 castigatiorem
767 964 853 1009 nunc
873 931 1008 1009 factum.
1057 942 1111 1007 Dc
1132 940 1249 1042 quibas
1269 929 1362 1007 libris
1376 929 1535 1011 'canorum

504 1053 606 1097 manu
629 1028 755 1115 scriptis
778 1028 932 1094 nonnulla
954 1028 995 1094 ad
1019 1026 1170 1116 Dionysii
1192 1026 1287 1093 Alex.
1313 1029 1532 1095 Errsrousrr

505 1137 558 1183 ao
573 1117 812 1196 Basrnroass,
826 1114 904 1181 Vol.
919 1114 1018 1215 hujus
1029 1135 1066 1215 p.
1075 1127 1147 1179 411.
1162 1114 1279 1179 notavi.
1300 1113 1534 1198 Mrdtiformem

504 1202 604 1267 fuisse
628 1200 763 1289 hujusce
786 1200 930 1287 epistolae
956 1224 991 1266 m
1012 1199 1158 1287 singulos
1180 1220 1320 1264 oenones
1343 1198 1534 1280 divisionem,

504 1301 578 1353 tum
595 1309 635 1351 ex
652 1300 714 1351 vet.
735 1285 913 1365 codicibus,
927 1300 999 1353 tum
1019 1308 1060 1352 ex
1076 1285 1272 1351 editionibus
1285 1285 1534 1351 commentariis·

504 1394 570 1462 que
588 1385 731 1473 apparet.
768 1373 879 1459 Atque
897 1373 1058 1461 integram
1071 1370 1174 1460 ipsam
1189 1370 1362 1460 epistohm
1375 1391 1449 1437 esse
1461 1369 1535 1437 affir-

503 1480 659 1525 marenx
719 1480 818 1524 ssum.
1036 1487 1040 1496 ·

549 1546 583 1609 P.
597 1480 752 1621 soniis.
774 1543 925 1631 brasias]
949 1544 1063 1634 Vulgo
1083 1543 1302 1632 dpxmwnbre,
1323 1544 1382 1609 sed
1405 1565 1447 1610 ex
1466 1543 1536 1611 edit

503 1630 648 1719 principe
661 1643 759 1717 atque
773 1643 895 1717 septem
912 1631 1002 1695 libris
1017 1630 1241 1718 manuscriptis
1257 1652 1378 1694 nomen
1396 1631 1536 1711 ἐπισκόπ,
1551 1668 1556 1689 .

503 1715 593 1818 quod
605 1716 708 1781 verius
722 1730 783 1796 est,
794 1715 934 1801 reposui.
964 1717 1054 1781 Nam
1067 1716 1134 1781 duo
1147 1729 1274 1781 tantum
1287 1715 1420 1781 codices
1432 1716 1536 1782 nume·

503 1824 548 1868 ns
566 1815 632 1867 158.
646 1815 680 1866 et
694 1816 764 1866 205.
780 1800 952 1887 designati,
967 1802 989 1866 ii
1013 1824 1054 1867 ue
1068 1803 1193 1868 ceteris
1209 1802 1373 1880 omnibus,
1387 1803 1423 1865 ni
1442 1801 1537 1882 failor,

502 1888 708 1966 recentiores,
720 1886 852 1952 alteram
864 1909 931 1974 prae
946 1909 980 1951 se
991 1826 1166 1954 iectionem
1181 1887 1344 1966 ferebant}
1360 1910 1467 1975 neque
1481 1909 1537 1952 non

503 1972 676 2039 consentiit
699 1974 732 2037 in
755 1973 817 2037 hac
839 1995 874 2037 re
895 1973 998 2038 codex
1020 1976 1167 2054 Graecus,
1190 1996 1289 2059 quem
1313 1973 1433 2039 Latine
1455 1973 1539 2038 vertit

503 2059 683 2125 Gentianus
697 2059 869 2124 Hervetus.
915 2059 1037 2124 Prodiit
1050 2073 1158 2125 autem
1178 2059 1311 2123 Herveti
1324 2058 1538 2145 interpretatio

503 2166 569 2209 non
590 2166 728 2210 caumes
747 2156 873 2210 tantum
895 2146 1062 2211 continens
1079 2144 1313 2232 Apostolorum
1328 2157 1364 2208 et
1379 2144 1536 2209 Concilio·

503 2252 576 2295 rum
592 2229 751 2296 vetustiss.
768 2230 872 2295 sedet
888 2232 1048 2317 Epistulas
1069 2233 1200 2297 Patrum
1218 2230 1455 2295 commentario
1472 2227 1536 2295 Bal·

504 2317 646 2382 samonis
666 2316 779 2381 itidem
800 2316 935 2395 cinctas,
954 2340 1041 2384 anno
1060 2324 1149 2384 1561.
1171 2315 1297 2383 Parisiis
1317 2315 1456 2384 Morelii
1473 2313 1537 2404 pul·

503 2400 671 2470 cherrimis
685 2402 772 2493 typis
787 2402 952 2491 impressa.

913 2662 1080 2731 CANON
1109 2664 1138 2729 1.

547 2833 633 2902 Ibid.
646 2834 671 2901 1.
688 2850 735 2902 13.
758 2839 804 2901 Ου’
816 2839 855 2899 τὰ
867 2834 1022 2924 βρώματα]
1044 2838 1084 2901 In
1099 2833 1213 2902 codice
1225 2832 1491 2902 Amerbachiano
1503 2827 1539 2898 ad

503 2919 593 2987 hunc
606 2942 763 2986 canonem
775 2920 846 2986 haec
859 2922 1078 3001 observantur,
1094 2921 1257 3005 Enattara
1268 2925 1317 2998 τὴν
1332 2925 1476 3000 κοινωνικὴν
1488 2923 1540 2982 irr-

504 3010 588 3086 ςολῆν
602 3005 715 3084 ταύτην,
729 3009 774 3069 διὰ
787 3007 849 3080 τοὺς
862 3007 1131 3094 μιαροφαγῆσαπας
1144 3011 1171 3072 is
1182 3008 1387 3094 αἰχμαλωσίᾳ,
1401 3009 1425 3094 a}
1439 3010 1478 3090 poi
1491 3023 1540 3088 φα·

502 3090 605 3176 γὸπας
625 3092 803 3156 εἰδωλόθυτα.
834 3090 918 3167 Ἴσως
933 3097 990 3178 γὰρ
1005 3090 1078 3170 εἴπης
1097 3093 1164 3156 εἶναι
1181 3095 1310 3179 διαφορὰν
1327 3088 1540 3176 etiamtum&

502 3175 599 3243 ἄλλων
609 3178 765 3266 βρωμάτων
776 3179 826 3241 ὑπὸ
837 3187 891 3241 τῶν
900 3184 1042 3266 sipontin
1054 3176 1296 3265 βιὸρωσκομένων.
1310 3179 1442 3253 ainaim
1453 3174 1541 3260 00μᾶ-

501 3288 575 3344 nant
585 3267 633 3344 τὴν
644 3268 771 3344 innubis
784 3266 828 3328 διὰ
842 3267 895 3338 τὰς
905 3266 992 3328 inosti
1005 3262 1203 3346 συναπῖομένας
1216 3267 1273 3339 τοῖς
1284 3266 1465 3352 Ἀγαρηνοῖς·
1482 3260 1541 3326 καθ’

502 3350 605 3428 insint
615 3353 675 3438 γὰρ
688 3349 795 3435 pinnen
807 3355 876 3412 reiro
890 3353 926 3424 εἰς
936 3353 988 3424 τὰς
998 3357 1054 3412 τῶν
1063 3349 1180 3436 Τέςκων
1190 3377 1212 3413 a
1228 3347 1327 3428 0101ος,
1338 3352 1361 3437 a}
1376 3355 1414 3424 εἰς
1423 3353 1473 3427 τὴν
1483 3345 1543 3435 χό-

503 3460 555 3534 gas
566 3434 696 3523 'lirpioen
721 3435 807 3500 Nota
821 3434 901 3498 tanc
912 3435 1089 3498 canonicam
1102 3435 1200 3518 episto
1277 3447 1414 3522 propter
1423 3430 1544 3583 eom

503 3542 538 3585 tn
553 3521 736 3607 captivitate
750 3520 944 3584 omnedernnt
955 3517 1090 3604 polluta,
1105 3530 1136 3584 et
1150 3519 1326 3607 idolothyta
1339 3544 1402 3585 non
1415 3542 1449 3585 co

501 3618 588 3671 runt.
630 3605 767 3692 Aliquid
790 3603 872 3669 enim
897 3604 1085 3668 discriminis
1101 3605 1245 3692 forsitan
1271 3605 1356 3670 dices
1379 3627 1445 3670 esse
1469 3605 1544 3668 inter

501 3690 689 3779 idolothyta,
704 3701 735 3755 et
749 3689 828 3755 alios
842 3687 922 3753 cibos
935 3689 974 3753 ab
989 3689 1144 3756 haereticis
1164 3713 1305 3756 conseras.
1344 3691 1462 3756 Itidem
1476 3699 1546 3754 nota

541 3777 664 3841 istolom
681 3786 810 3862 propter
831 3797 894 3853 eas,
916 3797 991 3862 qaae
1002 3775 1161 3863 Agarenis
1180 3788 1288 3860 sponte
1302 3777 1544 3864 conjungantur.

501 3791 575 3927 zac
587 3863 671 3927 enine
688 3862 721 3926 in
742 3862 913 3925 ancaram
931 3861 1099 3945 moniaciis
1118 3872 1150 3926 et
1168 3861 1283 3926 Iberiae
1301 3863 1433 3950 regione
1453 3859 1546 3927 indies

489 3947 692 4034 factumest.
713 3948 980 4012 stnnnorns.
1521 3972 1528 3979 ·

546 4032 631 4097 Ibid.
661 4032 711 4119 ispi
735 4031 842 4115 nna]
860 4031 914 4095 Sic
934 4033 985 4118 ispi
1004 4030 1046 4095 ad
1066 4054 1168 4096 unum
1188 4053 1302 4096 omnes
1318 4031 1409 4097 codd.
1424 4029 1548 4097 Bodlei-

501 4117 558 4180 ani
571 4130 668 4203 atque
683 4116 730 4180 ed.
746 4117 902 4201 princeps,
915 4116 993 4180 dum
1010 4127 1135 4180 caeterae
1149 4118 1290 4203 ἱερώτατε,
1306 4130 1448 4204 excepto
1485 4114 1548 4183 uod

501 4212 608 4265 sancte
626 4202 721 4266 vertit
743 4203 904 4266 Hervetus
925 4202 1077 4265 Graecum
1098 4203 1243 4267 codicem
1267 4226 1378 4283 suum,
1393 4203 1426 4267 ni
1443 4141 1548 4281 rdtor,

501 4298 642 4351 secutus.
666 4286 764 4349 Porro
775 4287 865 4348 σάτα
876 4307 935 4372 pro
946 4286 1058 4350 πάππα
1068 4309 1087 4350 e
1099 4287 1188 4350 tibris
1202 4288 1329 4373 scriptis
1339 4303 1442 4376 atque
1458 4287 1548 4354 editis

503 4370 649 4436 Consiliis
662 4371 801 4454 reposui.
832 4372 885 4435 Dc
900 4393 977 4435 voce
990 4386 1100 4436 autem
1113 4372 1204 4436 ωᾶπα
1218 4395 1316 4460 supra
1330 4375 1373 4439 ad
1388 4396 1423 4461 p.
1436 4387 1509 4439 412.

545 4456 629 4521 Ibid.
643 4455 666 4520 l.
682 4460 728 4518 16.
752 4454 870 4530 εἰδώλοις
890 4459 928 4535 μὴ
950 4457 1108 4540 samnitas]
1131 4458 1267 4538 Gentes,
1290 4483 1365 4545 quae
1388 4459 1547 4546 tempori·

499 4541 563 4606 bus
589 4542 652 4607 illis
681 4540 851 4625 imperium
887 4542 1070 4606 Romanum
1098 4543 1388 4628 aggrediebantur,
1417 4559 1548 4632 propter

492 4627 632 4704 istrum,
656 4625 721 4690 sive
743 4625 946 4704 Danubium,
970 4625 1063 4690 sedes
1085 4626 1249 4708 habuisse,
1273 4630 1369 4696 testis
1393 4632 1548 4698 Zosimus

498 4723 561 4792 est,
576 4713 609 4779 in
624 4710 714 4780 Hist.
729 4709 786 4779 ubi
800 4732 908 4798 supra,
926 4709 969 4776 ad
987 4716 1066 4798 pag.
1081 4726 1132 4780 28.
1163 4715 1219 4782 De
1240 4716 1418 4786 Germanis
1437 4728 1548 4786 autem
