4092 5675
518 725 521 736 ¹
615 779 656 865 ,r
905 725 908 730 ¹
953 774 1313 842 xuuomrrouxs

614 946 667 1025 rit,
679 967 777 1034 quem
789 960 917 1011 secutus
932 959 982 1013 est
995 946 1063 1033 ipse
1076 946 1196 1011 Cavius
1209 946 1297 1010 Hist.
1306 928 1377 1011 Lu.
1389 948 1454 1011 Tit.
1467 947 1654 1029 Montanus,

614 1032 826 1122 posteriorem
841 1032 927 1096 hune
942 1046 1106 1097 auctorem
1119 1054 1235 1096 censeo
1246 1049 1321 1118 post
1331 1055 1451 1097 annum
1463 1049 1520 1098 225
1533 1034 1655 1100 librum

616 1141 712 1184 suum
727 1115 826 1182 literis
839 1118 1022 1197 mandasse3
1038 1118 1176 1181 simodo
1190 1139 1262 1180 vera
1275 1118 1318 1183 sit
1331 1120 1511 1184 Eusebiaua
1524 1132 1654 1207 tempo-

614 1204 657 1270 ris
672 1204 883 1289 computatio.
928 1205 983 1268 Sin
1002 1218 1109 1267 autem
1134 1204 1229 1268 etiam
1255 1206 1379 1268 numeri
1400 1205 1446 1269 illi
1468 1207 1496 1269 Ε
1519 1204 1655 1290 iplranii,

615 1290 671 1378 qui
686 1312 770 1353 anno
788 1296 844 1354 156
863 1290 1081 1354 Montanistas
1100 1304 1276 1375 apponunt,
1292 1289 1479 1355 vetustiores
1496 1227 1559 1354 bos
1574 1291 1655 1356 faei-

614 1391 716 1454 entes,
763 1398 836 1440 uam
881 1376 978 1440 uaevis
1000 1373 1071 1438 aliae
1093 1376 1232 1439 rationes
1253 1375 1405 1462 antiquae,
1428 1377 1599 1441 Pearsonio
1620 1389 1656 1442 et

613 1398 789 1528 Dodwello
804 1399 1022 1540 suadentibus,
1037 1460 1179 1546 praelerri
1195 1459 1358 1538 deberent,
1371 1461 1579 1525 nihilominus
1593 1484 1655 1527 ste·

614 1547 689 1612 culo
709 1547 815 1626 tertio,
831 1570 896 1611 non
918 1562 1026 1611 autem
1050 1544 1202 1625 secundo,
1225 1546 1289 1611 hoc
1311 1546 1443 1632 quidem
1465 1569 1547 1633 opus
1570 1548 1656 1612 foret

614 1631 867 1697 attribuendum.
910 1634 988 1698 Non
1008 1653 1061 1694 me
1082 1630 1166 1717 fugit
1185 1632 1333 1696 statuisse
1348 1632 1388 1695 cl.
1404 1631 1607 1696 Baraterium
1621 1633 1655 1698 in

532 1793 541 1809 ο
613 1717 756 1805 Βὶσᾳυὶυ.
773 1718 822 1781 De
836 1716 1026 1782 successione
1039 1716 1184 1801 Episcop.
1196 1717 1283 1781 Rom.
1298 1739 1369 1804 cap.
1377 1717 1419 1781 xi.
1435 1717 1531 1782 etiam
1546 1718 1655 1784 multo

613 1806 708 1868 citius
731 1818 820 1867 ortos
842 1825 911 1868 esse
936 1802 1164 1882 Montanistas,
1187 1803 1244 1867 sed
1267 1825 1374 1867 vereor
1396 1818 1435 1869 ut
1455 1803 1531 1868 satis
1554 1803 1655 1869 firmis

614 1889 812 1976 argumentis
826 1889 927 1953 fultus
941 1887 1078 1953 aliorum
1098 1888 1243 1953 omnium
1263 1889 1323 1953 hac
1338 1888 1378 1953 de
1393 1910 1426 1953 re
1440 1890 1605 1956 sententiis
1619 1911 1656 1955 se

614 1974 812 2062 opposuerit.
1528 2041 1531 2048 ,

656 2063 739 2210 ςυστ
766 2059 883 2137 notavi,
907 2059 995 2145 prius
1019 2083 1096 2126 uam
1123 2060 1277 2146 scriptum
1299 2058 1361 2122 vidi
1385 2082 1403 2123 a
1426 2059 1600 2126 Gullandio
1620 2061 1656 2126 in

615 2148 675 2212 Pro
689 2168 797 2231 egom.
813 2162 893 2210 tom.
906 2145 950 2210 iii.
966 2082 1116 2245 Billiotlr.
1132 2149 1264 2245 Petrum
1279 2167 1311 2231 p.
1323 2146 1377 2209 xii.
1397 2145 1437 2244 ad
1458 2168 1581 2247 annum
1598 2170 1655 2211 us-

614 2231 1655 2404 tuffilttttttsstt.'‘tltgrtllltittltltttllt:

612 2410 636 2444 “
650 2405 792 2468 montius
807 2404 908 2469 Mem.
925 2402 1014 2468 Eccl.
1030 2419 1110 2469 tom.
1123 2402 1155 2466 ii.
1172 2425 1203 2489 p.
1215 2416 1285 2467 441.
1300 2402 1362 2467 ista
1376 2402 1539 2502 scripsisse
1556 2406 1655 2469 Aste-

614 2490 734 2553 “rium
753 2488 827 2572 (vid.
844 2493 952 2574 supra)
970 2489 1054 2554 circa
1069 2488 1203 2553 Domini
1220 2510 1337 2553 annum
1354 2503 1424 2566 231,
1439 2489 1655 2574 rmperiivcro

613 2582 636 2616 “
652 2573 828 2638 Alexandri
847 2575 909 2637 Xl.
930 2589 963 2639 et
978 2575 1054 2660 jure
1069 2574 1199 2673 quidem
1214 2599 1222 2637 r
1246 2596 1319 2637 nam
1335 2573 1528 2653 Alexander,
1544 2575 1654 2640 Hero-

613 2668 636 2701 “
651 2661 746 2724 diano
767 2674 860 2736 teste,
877 2659 964 2722 Hist.
985 2659 1042 2722 lib.
1057 2683 1097 2723 vr.
1119 2660 1180 2723 sub
1201 2658 1271 2723 init.
1294 2663 1329 2733 είς
1350 2660 1656 2746 τεσσαρεσκαιδέκατον

613 2753 636 2786 “
652 2745 758 2818 ἐλάσας
772 2751 819 2820 τῆς
833 2744 981 2824 βασιλείας
997 2744 1055 2819 ἔτος
1068 2745 1203 2827 ἀναιμωτί
1221 2742 1297 2829 ἦρξεν
1316 2746 1406 2808 annis
1425 2758 1462 2808 14
1476 2759 1567 2810 extra
1583 2768 1658 2811 san·

614 2831 782 2917 “guinem
805 2829 905 2918 gessit
925 2829 1106 2916 imperium,
1124 2843 1162 2895 ut
1183 2829 1318 2916 proinde
1340 2830 1448 2918 quiete
1465 2854 1562 2918 agere
1580 2854 1656 2919 per·

614 2925 635 2958 “
651 2917 739 2981 missi
755 2917 874 2982 fuerint
890 2916 1064 2981 Christiani
1086 2939 1125 2980 eo
1147 2917 1336 3003 imperante,
1352 2917 1499 3004 adeoque
1512 2939 1576 3004 pax
1587 2919 1656 2999 illa,

612 3010 635 3044 ‘⁴
652 3025 716 3088 qna
734 3004 794 3067 sub
812 3002 980 3066 Antonino
996 3001 1172 3081 Caracalla,
1189 3003 1248 3065 sub
1269 3002 1429 3080 Macrin0,
1445 3025 1572 3068 necnon
1594 3005 1656 3070 sub

613 3096 636 3128 “
653 3087 829 3174 Elagabalo
843 3087 1010 3169 fruebatur
1025 3087 1170 3165 ecclesia,
1184 3089 1244 3151 sub
1260 3086 1436 3151 Alexandri
1449 3110 1580 3176 quoque
1590 3089 1656 3155 im·

613 3182 635 3215 “
652 3174 740 3286 perio
763 3174 885 3239 stabilis
905 3188 938 3239 et
957 3173 1048 3239 srrma
1066 3172 1254 3261 permansit,
1270 3185 1306 3237 ut
1323 3173 1434 3238 scribit
1450 3188 1560 3239 noster
1576 3197 1656 3242 auc·

613 3268 635 3300 “
652 3262 737 3325 tor.’

658 3348 692 3412 P.
705 3361 754 3411 80.
770 3346 792 3410 l.
805 3357 836 3421 7.
860 3345 972 3432 κόσμῳ]
988 3352 1030 3432 τῷ
1043 3345 1141 3430 κόσμῳ
1157 3345 1232 3409 MS.
1250 3343 1390 3431 Norfolc.

658 3433 742 3497 lbid.
765 3430 824 3515 uui]
842 3432 947 3496 Abest
964 3431 1068 3495 abed.
1086 3430 1191 3515 Stoplr.
1214 3431 1270 3494 sed
1291 3431 1374 3495 idem
1398 3430 1551 3496 exhibent
1565 3430 1655 3517 Rust-

613 3541 671 3582 nus
687 3519 813 3606 aliique.
837 3518 1007 3581 STROTH.
1053 3517 1214 3601 Scriptum
1238 3516 1327 3590 ἐλέους
1349 3539 1408 3603 pro
1430 3517 1506 3580 ἐλέου
1524 3517 1557 3581 in
1575 3517 1655 3583 MS.

613 3603 707 3668 Bodl.

658 3687 742 3752 lbid.
765 3687 787 3752 l.
813 3701 859 3750 18.
875 3684 968 3750 Ὅταν
991 3683 1079 3748 τοίνυν
1107 3685 1183 3770 &c.]
1211 3687 1287 3750 Post
1310 3686 1382 3750 libri
1407 3686 1539 3751 secundi
1565 3688 1654 3775 frag·

614 3789 725 3841 menta
740 3772 780 3837 ad
795 3771 858 3836 alia
870 3772 915 3836 ita
929 3769 1035 3856 pergit
1050 3771 1229 3836 Eusebius:
1251 3773 1310 3834 Καὶ
1326 3780 1418 3835 ταῦτα
1437 3775 1463 3835 δὲ
1485 3776 1516 3835 ὲκ
1530 3779 1580 3836 τοῦ
1594 3775 1655 3839 δευ-

613 3859 692 3970 rs'pou
708 3858 945 3969 ouyypu'rppuroq.
968 3857 1015 3919 καί
1030 3857 1084 3918 o’urd
1098 3863 1146 3919 rori
1160 3857 1252 3944 τρίτου
1268 3859 1295 3920 δὲ
1311 3862 1432 3945 σμικρὰς
1446 3859 1655 3942 mapalium

614 3950 712 4024 λεξυς,
730 3948 761 4009 δι’
775 3970 810 4007 νον
824 3943 888 4030 πρὸς
903 3943 963 4017 τοὺς
978 3946 1134 4028 αὐχοῦντας
1147 3945 1181 4016 ὠς
1195 3941 1251 4029 ἄρα
1264 3944 1361 4018 susle,
1375 3945 1423 4007 καί
1439 3949 1528 4006 αὐτῶν
1542 3970 1654 4030 μεμαρ-

614 4031 758 4118 τυρηκότες
772 4030 832 4109 τίεν,
849 4034 941 4092 ταῦτα
957 4029 1046 4110 φησίν·
1070 4025 1196 4091 ‘'OTAN
1210 4029 1296 4094 τοίνυν
1313 4029 1373 4093 &e
1413 4030 1520 4115 Atque
1538 4028 1606 4093 llaec
1621 4029 1655 4095 t'n

615 4117 742 4180 secundo
759 4115 906 4202 leguntur
920 4112 1009 4178 libro.
1037 4114 1089 4177 Ea
1103 4113 1192 4177 tertio
1209 4114 1282 4181 item
1297 4112 1452 4178 volumine
1464 4129 1565 4199 pauco
1578 4130 1654 4199 pro·

604 4200 699 4289 ferre
721 4200 806 4278 litu,
826 4199 877 4263 uti
900 4199 1046 4264 aduersus
1067 4222 1114 4264 eos
1137 4200 1191 4298 qui
1204 4199 1372 4286 jactabunt
1397 4198 1504 4284 plures
1527 4199 1655 4264 illorum

613 4285 767 4386 martyrio
782 4308 845 4350 esse
859 4295 1025 4362 coronatos,
1038 4284 1105 4348 lroec
1119 4284 1213 4350 dreit:
1238 4285 1488 4351 POSTQUAM
1505 4307 1578 4348 vero
1592 4286 1652 4351 dre.

659 4372 742 4439 Ibld.
758 4371 780 4436 l.
794 4386 844 4434 21.
865 4377 912 4448 τῆς
927 4371 1075 4454 δυνάμεως]
1095 4373 1172 4436 Non
1188 4373 1335 4456 agnoscit
1347 4370 1423 4434 MS.
1437 4370 1578 4455 No‘rfolc.
1595 4392 1655 4435 nec

614 4461 647 4525 in
661 4459 774 4525 codice
789 4457 907 4521 invenit
922 4479 981 4519 suo
997 4469 1086 4519 vetus
1102 4456 1268 4542 interpres,
1284 4456 1341 4544 qui
1355 4455 1400 4519 sic
1416 4456 1520 4529 vertit,
1537 4456 1584 4519 Er
1601 4454 1656 4519 ίιοσ

614 4568 677 4610 esse
691 4542 849 4621 indicium,
866 4541 948 4629 qnod
962 4564 1051 4604 verus
1065 4541 1107 4604 sit
1124 4543 1207 4626 opud
1222 4543 1301 4626 ipsos
1312 4541 1507 4628 propheticus
1522 4564 1632 4605 sermo.

615 4714 637 4782 s
659 4632 693 4695 P.
706 4645 755 4694 81.
772 4628 794 4693 l.
806 4642 837 4694 4.
859 4627 904 4693 τόν
922 4628 971 4714 γε]
988 4653 1024 4713 γε
1041 4627 1132 4695 abest
1144 4650 1164 4692 a
1178 4627 1361 4715 Nicepltow,
1374 4627 1420 4692 τίν
1434 4653 1464 4692 τε
1481 4626 1528 4690 ed.
1546 4625 1654 4712 Strepit.

641 4732 786 4785 TROTH.
825 4747 828 4752 “
1631 4730 1633 4735 ’
