4092 5675
519 777 584 853 49⁸
859 744 1218 833 ΑΙκΤΝοΤΑΤ1οΝΐέΙ

519 935 646 1014 decimu
671 957 741 1001 cum
763 934 971 1002 Alexandriae
995 936 1204 1023 episcopatum
1227 934 1447 1021 septertidaeim
1467 936 1554 1008 atesis

520 1021 708 1087 obtinuisset.
753 1022 791 1086 In
813 1025 879 1106 qiu
902 1020 1000 1086 locum
1021 1022 1205 1111 subrogatus
1225 1031 1271 1087 est
1292 1021 1476 1087 Murimus.
1509 1024 1552 1091 At

522 1107 688 1173 Gallienus
707 1107 833 1205 imperio
850 1124 909 1196 per
931 1108 1105 1196 quindecim
1123 1107 1280 1173 continuos
1294 1130 1393 1173 annos
1406 1108 1552 1182 dminu-

520 1204 613 1271 trato‚
639 1192 805 1259 Claudium
826 1215 1022 1259 successorem
1042 1194 1180 1282 reliquit.
1220 1192 1283 1281 Qui
1305 1216 1377 1258 cum
1400 1194 1550 1260 liminium

518 1278 739 1365 imperavisset,
750 1279 919 1344 Aureliano
933 1280 1074 1365 deinceps
1088 1280 1220 1345 tradidit
1230 1278 1459 1365 principatum.
1482 1281 1550 1346 Hu-

508 1366 567 1452 jus
582 1364 766 1449 temporibus
781 1376 938 1449 postrema
958 1366 1099 1451 Synodus
1116 1364 1388 1431 innumerabilium
1397 1366 1478 1453 fere
1489 1365 1550 1452 epi·

515 1466 673 1534 scaporum
692 1461 879 1540 congregata
901 1462 968 1516 cst.-
992 1451 1024 1515 in
1048 1475 1111 1540 qua
1131 1462 1237 1515 auctor
1252 1449 1307 1516 ille
1319 1450 1459 1537 nefarioe
1471 1449 1550 1537 apud

515 1535 716 1604 Antiochiam
731 1536 880 1602 ioereseos
891 1536 1020 1617 Paulus,
1032 1537 1186 1601 conuictus
1199 1548 1229 1601 et
1243 1536 1282 1600 al
1297 1536 1438 1602 omnilus
1450 1536 1549 1601 mard-

505 1621 683 1710 festissime
696 1621 989 1709 deprehensusfitlsi
1003 1622 1158 1711 dogmatis
1171 1645 1251 1699 rcus,
1267 1621 1305 1687 al
1320 1622 1467 1687 uniuersa
1481 1640 1549 1721 qua

515 1706 571 1773 sul
595 1706 671 1772 coelo
697 1718 743 1772 est
767 1708 893 1773 ecclesia
916 1708 1067 1774 catholica
1092 1709 1271 1773 eliminatus
1293 1718 1350 1771 est.
1389 1709 1494 1774 Praecr

516 1815 584 1859 uera
607 1792 699 1855 illum
721 1794 872 1881 coarguit,
894 1805 925 1857 et
951 1792 1049 1858 latere
1069 1794 1240 1879 cupientem
1261 1793 1440 1880 confutavit
1502 1793 1547 1858 al·

515 1877 602 1944 cltion
628 1879 779 1965 quideme
812 1880 860 1943 uir
885 1878 1127 1958 disertissimus3
1148 1879 1263 1967 quippe
1284 1879 1341 1967 qui
1366 1879 1548 1965 Soplcistiaoe

515 1963 600 2067 apud
612 1963 811 2028 Antiochiam
826 1963 940 2028 scltolae
951 1964 1148 2051 praefuerat:
1170 1976 1201 2028 et
1221 1964 1276 2053 qui
1299 1965 1334 2028 ol
1344 1965 1431 2052 fidei
1446 1964 1547 2030 cois-

516 2061 615 2115 ttanoe
628 2048 846 2129 sinceritatem,
862 2050 895 2113 in
908 2051 974 2134 ejm
988 2049 1048 2114 loci
1060 2050 1186 2116 ecclesia
1206 2049 1392 2138 presbyterii
1410 2050 1547 2116 marren

513 2144 582 2201 erat
596 2144 779 2199 consecutus.
824 2135 889 2199 Hic
909 2122 1007 2223 igitur
1021 2138 1166 2201 aduersus
1182 2136 1316 2200 Paulum
1330 2147 1475 2222 suscepta
1488 2136 1548 2202 dis·

510 2220 685 2306 putatione,
698 2220 919 2306 accipientibus
932 2231 1042 2286 cuncta
1055 2223 1187 2287 notariis
1201 2226 1287 2309 (quae
1302 2221 1431 2310 quidem
1444 2222 1547 2308 disp*

513 2307 591 2371 tatio
611 2306 781 2371 etiamnum
803 2308 919 2388 exstat)
937 2307 1070 2373 occultos
1089 2307 1219 2372 hominis
1236 2328 1342 2373 sensras
1352 2307 1548 2409 fraudesque

511 2392 653 2479 detegere
664 2391 746 2456 solus
761 2392 896 2457 omnium
910 2391 1022 2458 ualuit.
1045 2416 1083 2459 ca
1106 2415 1138 2481 p.
1149 2406 1282 2473 27-29.
1320 2394 1390 2458 Ubi
1404 2393 1547 2459 valeam

512 2477 554 2543 ad
580 2497 674 2541 voces
698 2482 775 2541 rard
798 2480 907 2563 καιροὺς
932 2479 1062 2565 διαφόρως
1083 2416 1155 2543 liae
1178 2479 1261 2545 inter
1281 2478 1344 2543 ulia
1364 2480 1546 2545 annotavit:

510 2572 536 2606 “
550 2564 704 2629 Libenter
725 2563 898 2628 scriberem
919 2569 994 2627 rara
1014 2567 1122 2652 καιροὺς
1135 2565 1282 2654 διαφόρους,
1297 2563 1486 2652 cujusmodi
1498 2585 1545 2633 er·

511 2658 534 2692 “
550 2671 656 2714 rorem
671 2671 708 2714 su
732 2672 767 2714 ra
781 2649 972 2715 notavimus.
1017 2650 1126 2715 Plures
1147 2665 1234 2715 certe
1255 2649 1381 2737 Synodi
1400 2650 1546 2715 adversat

510 2735 685 2800 “Paulum
707 2671 951 2799 hartmannum
974 2733 1105 2800 diversis
1123 2735 1323 2827 temporibus
1340 2758 1405 2800 oon
1535 2823 1537 2828 Ι

510 2829 534 2863 “
546 2833 633 2899 suut,
649 2835 687 2886 ut
708 2820 867 2886 Eusebius
889 2821 1087 2921 Rufinusque
1105 2834 1274 2888 testantur.
1318 2751 1545 2910 Quffi

712 2906 1419 2985 n
1439 2926 1545 3058 no

506 3085 671 3144 “coactas
696 3077 794 3141 finisse
819 3077 865 3140 ait
884 3013 1059 3158 ¹Eusebius,
1083 3092 1117 3144 et
1141 3079 1173 3143 in
1199 3015 1393 3166 unioquaque
1415 3017 1467 3143 in
1485 3076 1544 3143 oda

507 3171 531 3207 “
544 3163 652 3252 plures
676 3162 775 3227 fuisse
798 3162 955 3228 sessiones
981 3164 1047 3228 sire
1071 3164 1247 3229 actiones.”
1281 3166 1365 3229 Haec
1387 3167 1422 3229 V
1453 3165 1543 3230 usius.

508 3252 640 3316 Annum
655 3249 752 3313 fuisse
767 3247 890 3313 Christi
903 3256 974 3328 269,
989 3249 1023 3312 in
1038 3273 1104 3336 quo
1119 3250 1238 3337 incepit
1251 3249 1364 3314 haberi
1382 3265 1544 3337 postrema

507 3337 579 3401 hoec
604 3334 746 3423 synodus
771 3334 958 3399 consulibus
983 3334 1124 3399 Claudio
1150 3348 1183 3400 et
1207 3339 1354 3415 Patemo‚
1376 3334 1543 3402 ostendere

505 3422 575 3488 vult
596 3422 684 3484 Sam.
703 3421 882 3506 Besnagius
904 3421 938 3484 in
961 3420 1231 3487 Potitios-Erotes.
1253 3421 1375 3485 Annal.
1399 3422 1543 3487 adhunc

504 3531 559 3572 an.
577 3507 608 3590 ξ.
622 3507 663 3569 ir.
709 3506 827 3652 Ριῗὶῑιε
842 3527 973 3592 quoqne
986 3506 1021 3570 iu
1038 3507 1156 3571 Critica
1174 3506 1494 3572 Honorino-caramt.
1505 3506 1544 3571 ad

504 3591 639 3658 ¹Berrorrii
660 3591 755 3655 Anna
769 3612 812 3653 es.
835 3591 875 3655 ad
899 3591 1039 3656 eundem
1065 3614 1186 3656 annum
1211 3592 1275 3656 hoc
1300 3593 1412 3678 posuit
1437 3593 1542 3677 conai-

504 3681 597 3745 lium.
643 3676 729 3742 Cum
744 3697 817 3739 vero
830 3677 1032 3763 computatio
1045 3699 1202 3743 annorum
1225 3679 1448 3743 Romanorum
1463 3696 1543 3766 pon·-

503 3765 639 3841 tifieum,
653 3783 750 3848 quum
770 3760 821 3824 his
841 3762 1042 3849 temporibus
1054 3762 1194 3828 instituit
1207 3763 1277 3848 ipse
1290 3764 1464 3844 Eusebius,
1480 3764 1544 3830 dis·

504 3849 654 3936 plicuerit
668 3847 848 3924 pearsonio,
860 3847 913 3911 hic
926 3847 975 3911 sir
986 3847 1221 3913 eruditissimus
1235 3869 1320 3912 anuo
1336 3848 1462 3915 Christi
1475 3856 1541 3914 ulit.

502 3934 553 3998 rel
566 3941 638 3998 266.
659 3931 748 3997 Pauli
766 3932 1067 3998 condemnationem
1087 3934 1248 3999 collooere
1265 3934 1439 3999 maluerat.
1469 3933 1542 4002 tua

505 4015 771 4168 Oppfffiflvszl·
786 4023 972 4191 &siluimus
991 4107 1143 4181 Ἐπιςολῆς
1165 4103 1241 4189 &c.]
1265 4103 1390 4170 Eadem
1412 4103 1543 4170 nomint

499 4208 568 4254 moa
587 4208 662 4252 cum
685 4189 756 4252 aliis
776 4187 876 4252 habes
897 4190 989 4254 alteri
1011 4190 1059 4254 illi
1121 4191 1225 4254 istolae
1239 4191 1382 4276 praefixa,
1397 4214 1474 4291 epure
1487 4211 1542 4276 pa·

496 4286 589 4339 trum
604 4272 873 4338 Antiochensium
893 4288 981 4339 estat
1001 4275 1088 4362 apud
1139 4275 1289 4340 usebium
1310 4276 1369 4341 lib.
1383 4298 1440 4340 vu.
1456 4276 1542 4341 Hm.

500 4381 575 4447 cap.
590 4373 640 4424 aot
662 4359 841 4457 Epistulam
855 4373 966 4424 autem
979 4383 1053 4446 quse
1067 4383 1152 4426 nunc
1168 4361 1303 4439 sistitur,
1318 4376 1354 4427 et
1366 4362 1465 4450 cujus
1477 4363 1542 4426 for·

498 4461 587 4511 tasse
604 4458 801 4509 mentronem
819 4444 870 4509 his
889 4446 993 4510 serbis
1012 4446 1091 4510 fecit
1109 4445 1348 4526 Theodoretus,
1362 4473 1392 4510 er
1414 4457 1429 4471 ·
1475 4442 1544 4531 ’μὴ

501 4531 694 4617 trapam
713 4535 855 4615 meua
875 4531 1030 4618 ypepis·
1049 4536 1097 4608 a,
1115 4532 1204 4611 sen,
1226 4532 1353 4597 flens.
1400 4532 1452 4598 aa.
1465 4547 1497 4597 α.
1512 4544 1542 4597 s.

499 4615 648 4682 munulli
669 4630 745 4702 post
769 4616 943 4680 Baronium
969 4616 1012 4681 ud
1038 4617 1199 4716 synodum
1223 4618 1365 4705 priorem
1394 4619 1545 4684 adversm

502 4702 638 4768 Paulum
655 4702 924 4782 Samomtemem,
937 4722 1013 4789 quae
1032 4724 1119 4769 enea
1136 4724 1260 4770 aunum
1280 4703 1394 4771 habita
1408 4718 1459 4771 est
1471 4708 1543 4780 2⁶4,
