4092 5675
614 745 662 825 86
956 756 1315 826 ANNOTATIONES

626 929 1111 1015 u1unu1uu,p.161.indicavi.
1134 932 1206 994 Irno
1217 929 1397 1016 Stephanus
1408 928 1560 1006 Baluzius
1568 931 1658 1017 apud

623 1016 755 1080 Lolloei
768 1015 905 1080 Concilio
919 1030 1000 1080 tom.
1015 1018 1042 1080 l.
1058 1016 1121 1080 col.
1132 1030 1202 1093 593.
1219 1015 1270 1079 ed.
1285 1018 1418 1086 Veneta·
1434 1028 1547 1081 contra
1557 1017 1660 1082 Vale·

624 1102 719 1180 tium,
731 1115 765 1164 ut
775 1102 882 1188 prodit
892 1101 1080 1166 Gallandius
1089 1103 1121 1165 in
1132 1102 1222 1166 Prole
1247 1124 1312 1166 om.
1323 1102 1404 1166 tomi
1415 1101 1657 1176 LBtllr'ostecoe

622 1189 692 1251 ΡΡ.
708 1209 740 1273 p.
753 1188 834 1252 cxxi.
849 1188 881 1251 in
898 1187 1090 1274 Apollinarii
1105 1209 1201 1251 causa
1216 1123 1256 1252 de
1271 1187 1329 1251 hac
1344 1209 1378 1251 re
1392 1187 1570 1254 contendit.

668 1275 703 1337 P.
717 1287 766 1348 73.
782 1273 804 1336 l.
817 1287 845 1337 8.
866 1274 1001 1360 Ἀοιιῖρκιε
1015 1273 1185 1360 Magnetas]
1205 1272 1315 1359 Adipxts
1335 1295 1375 1338 ex
1396 1273 1500 1359 Regio
1512 1273 1588 1340 cod.
1604 1272 1654 1340 ed.

623 1358 736 1445 Steph.
781 1358 909 1424 Rectius
933 1359 965 1422 in
990 1358 1102 1424 codice
1125 1359 1214 1423 Maz.
1235 1358 1327 1423 Med.
1350 1373 1383 1422 et
1403 1360 1486 1424 Fuk.
1507 1359 1656 1426 scribitur

622 1445 769 1531 Ἀουίςκιε.
805 1445 905 1544 Apud
927 1444 1150 1529 Nicephorum
1172 1444 1205 1533 in
1229 1444 1286 1507 lib.
1307 1444 1346 1507 iv.
1373 1444 1493 1531 legitur
1513 1444 1654 1534 ’Adipata

625 1532 664 1594 ln
680 1530 876 1616 Menologris
893 1531 1080 1595 Graecorum
1096 1529 1137 1594 ad
1151 1528 1237 1593 diem
1251 1544 1301 1594 22.
1314 1529 1465 1595 Octobris
1482 1532 1605 1596 mentio
1621 1529 1655 1598 fit

624 1621 673 1680 τοῦ
685 1615 768 1701 ἁγίου
781 1618 828 1679 καὶ
845 1615 998 1688 ἰσαποςόλιι
1012 1613 1155 1701 ’Adspicias
1170 1615 1316 1679 ἐπισκόπου
1329 1617 1516 1700 Ἱεραπὸλεως,
1530 1622 1568 1679 ri
1581 1622 1653 1680 dao-

623 1707 794 1788 ματουργοῡ.
840 1701 943 1787 Cujus
965 1700 1062 1765 vitam
1090 1701 1203 1764 Graece
1225 1700 1324 1765 edidit
1353 1703 1387 1765 P.
1413 1701 1597 1767 Halloixius
1623 1702 1655 1768 in

624 1803 716 1852 tomo
727 1788 760 1851 ii.
774 1786 814 1852 de
827 1786 1004 1851 illustribus
1018 1785 1179 1850 orientalis
1195 1786 1337 1850 ecclesiae
1352 1787 1572 1872 scriptoribus.
1597 1789 1655 1853 Est

623 1885 731 1938 autem
746 1873 778 1936 id
793 1894 909 1936 nomen
923 1872 1086 1949 Latinum,
1103 1887 1139 1936 ut
1159 1871 1284 1957 opinor,
1301 1873 1417 1959 quippe
1437 1895 1511 1938 cum
1533 1872 1655 1940 nullam

624 1958 742 2022 habeat
769 1959 892 2022 Graecae
926 1957 1058 2043 originis
1088 1972 1209 2021 notam.
1243 1960 1470 2022 Vrrnsrus.
1495 1957 1655 2024 Editioais

626 2043 732 2128 Stepls.
748 2043 917 2107 lectionem
938 2042 1093 2107 revocavit
1116 2043 1289 2119 Strothius,
1304 2044 1433 2107 alteram
1450 2056 1559 2108 tamen
1574 2066 1655 2130 prae·

624 2129 782 2194 stantibus
803 2128 892 2193 libris
912 2128 992 2207 aliis,
1006 2129 1094 2214 quod
1114 2128 1224 2207 sciam,
1246 2129 1407 2208 omnibus,
1430 2130 1489 2193 nisi
1511 2130 1600 2217 quod
1621 2130 1655 2194 in

624 2214 688 2279 hoc
707 2216 836 2279 nomine
850 2242 873 2278 οι
888 2237 946 2300 pro
961 2241 989 2277 ιιι
1004 2215 1085 2278 MS.
1096 2212 1186 2277 Bodl.
1201 2236 1259 2278 seu
1275 2214 1372 2278 Savil.
1387 2214 1527 2279 exhibet.

667 2300 750 2366 Ibld.
764 2303 786 2365 l.
805 2317 851 2365 10.
874 2311 927 2365 τῶν
946 2306 1021 2364 κατὰ
1040 2300 1211 2383 Μιλτιάδην]
1228 2300 1432 2385 Nicephorus
1449 2300 1539 2365 addit
1553 2300 1613 2366 iro
1632 2303 1653 2366 δ’

623 2391 704 2451 εἰπεῖν
729 2389 883 2465 Marruvia,
906 2387 993 2473 quod
1015 2386 1137 2451 Scholii
1163 2385 1229 2449 vice
1254 2407 1273 2449 a
1296 2385 1484 2471 Nicephoro
1504 2387 1654 2456 additum

623 2494 693 2538 esse
715 2495 779 2536 non
802 2471 927 2537 dubit0.
971 2472 1035 2536 Sed
1053 2494 1112 2535 cur
1132 2470 1184 2535 hic
1203 2472 1347 2570 quisquis
1368 2485 1418 2535 est
1438 2472 1655 2538 innominatus

623 2569 746 2636 auctor,
762 2558 908 2621 baeresim
931 2556 1224 2643 Cataphrygarum,
1246 2556 1404 2621 Mrltiadis
1425 2558 1532 2643 potius
1554 2581 1654 2646 quam

622 2644 775 2707 Montani
794 2656 912 2706 sectam
936 2641 1150 2727 appellaverit,
1171 2641 1344 2705 obscurum
1365 2656 1424 2706 est.
1467 2645 1545 2708 Non
1566 2645 1654 2712 enim

613 2728 676 2792 tric
691 2727 873 2810 Miltiadem
887 2727 976 2790 illurn
992 2726 1153 2812 intelligit,
1166 2726 1206 2790 de
1240 2749 1282 2790 uo
1294 2728 1452 2792 Eusebius
1463 2729 1496 2792 in
1508 2731 1656 2815 sequenti

621 2813 727 2900 capite
747 2811 899 2901 loquitur.
942 2813 974 2875 Is
992 2813 1079 2878 enim
1098 2834 1156 2898 pro
1176 2825 1228 2877 cat
1253 2811 1335 2878 olica
1355 2814 1485 2880 veritate
1506 2815 1655 2883 adversus

624 2897 850 2986 Cataphrygas
865 2896 925 2963 scri
949 2898 1001 2963 sit.
1037 2900 1150 2984 ltaque
1162 2900 1302 2964 loannes
1316 2902 1458 2985 Langus‚
1472 2900 1518 2965 vir
1531 2901 1654 2969 doctis-

622 2985 722 3050 simus
741 2986 797 3072 qui
814 2919 1037 3132 Nicepbbrum
1059 2984 1284 3070 interpretatus
1304 2999 1364 3065 est,
1385 2986 1449 3051 boc
1468 2985 1544 3051 loco
1560 2987 1655 3053 Alci-

621 3070 750 3136 biadem
771 3092 831 3156 pro
853 3069 904 3133 Mi
918 3068 1002 3134 tiade
1020 3069 1209 3136 emendavit.
1254 3069 1351 3134 Certe
1368 3070 1552 3137 Alcibiades
1570 3073 1656 3149 inter

646 3157 802 3241 raecipuos
817 3168 962 3220 auctores
979 3169 1075 3221 sectae
1092 3156 1372 3244 Cataphrygarum
1394 3171 1592 3225 memoratur
1611 3159 1654 3225 ab

621 3178 920 3328 lucebiosuprain
937 3256 1053 3328 capa.
1075 3241 1172 3330 hujus
1192 3243 1276 3307 libri.
1319 3243 1389 3307 Aut
1410 3243 1510 3329 igitur
1531 3243 1584 3308 hic
1606 3244 1654 3309 le-

622 3329 768 3414 gendum
790 3342 841 3394 est
864 3328 1060 3407 Alcibiades,
1082 3342 1138 3392 aut
1163 3327 1227 3393 illic
1249 3327 1451 3409 scribendum
1474 3327 1653 3395 Miltiades.

616 3417 828 3479 VALESIth.
864 3420 917 3478 τῶν
931 3419 1007 3477 κατὰ
1021 3413 1138 3499 Φρύγας
1151 3413 1299 3499 λεγομένην
1317 3413 1489 3498 christoph.
1505 3416 1608 3480 lacta.
1622 3426 1654 3479 et

613 3501 740 3584 interp.
788 3501 886 3562 Recte
911 3499 1059 3563 Valesius
1082 3515 1193 3563 monet
1218 3519 1277 3584 pro
1302 3499 1458 3575 Μιλτιάδην
1479 3498 1654 3586 legendum

622 3605 692 3647 esse
709 3583 899 3660 Ἀλκιέιάδην,
914 3583 1006 3670 cujus
1029 3606 1124 3668 supra
1146 3583 1228 3648 inter
1249 3583 1405 3669 principes
1427 3585 1654 3673 Catapbryga-

622 3692 694 3733 rum
707 3683 800 3733 sectae
811 3668 1006 3732 mentionem
1018 3668 1137 3732 fecerat
1148 3669 1315 3733 Eusebius.
1338 3670 1456 3735 Similis
1467 3671 1587 3739 horum
1595 3695 1655 3739 no-

622 3755 746 3819 minum
762 3753 955 3841 permutatio
971 3753 1219 3838 deprehenditur
1233 3755 1313 3819 infra
1326 3778 1396 3842 cap.
1412 3768 1459 3832 17.
1482 3758 1655 3823 Sanora.

623 3842 663 3906 In
682 3840 756 3906 loco
779 3839 909 3927 quidem
929 3861 999 3925 cap.
1014 3840 1099 3902 tertii
1117 3862 1137 3903 a
1150 3841 1280 3906 Valesio
1302 3841 1528 3907 indicatotres
1551 3843 1654 3909 Cata-

614 3926 821 4025 phrygarum
844 3925 1003 4004 ductores,
1030 3925 1219 4005 Montanus,
1240 3924 1428 4004 Alcibiades,
1452 3927 1655 4009 Theodotus,

616 4012 818 4098 conjunctim
835 4025 1063 4093 memorantur,
1076 4034 1213 4097 quorum
1229 4012 1295 4077 duo
1310 4014 1485 4076 Montanus
1497 4028 1530 4076 et
1543 4014 1657 4081 Theo-

616 4094 719 4160 dotus
733 4097 815 4161 inter
830 4097 898 4159 haec
912 4095 1039 4182 reperti.
1080 4099 1117 4160 ln
1131 4097 1204 4161 loco
1219 4112 1324 4162 autem
1342 4097 1456 4162 harum
1470 4099 1582 4185 ῥήσεων,
1596 4101 1655 4187 qui

623 4181 779 4267 sequitur,
790 4181 832 4245 ad
843 4203 919 4268 pag.
929 4195 977 4246 82.
992 4203 1110 4246 nomen
1121 4182 1297 4248 Alcibiadis
1310 4205 1369 4270 pro
1384 4183 1534 4263 Miltiade
1549 4186 1655 4250 mani·

617 4267 704 4333 feste
723 4266 889 4330 subditum
911 4280 971 4331 est.
1025 4269 1203 4354 Propterea,
1223 4291 1297 4333 cum
1318 4291 1368 4333 res
1387 4268 1509 4333 incerta
1530 4271 1582 4349 sit,
1603 4272 1655 4336 vel

615 4351 737 4416 melior
749 4353 883 4416 fortasse
897 4351 1042 4417 lectionis
1058 4356 1221 4439 praesentis
1238 4376 1344 4432 causa,
1359 4376 1476 4417 nornen
1493 4355 1656 4421 Miltiadis

620 4437 676 4502 hic
696 4435 822 4501 retinui.
866 4439 982 4524 Neque
1004 4438 1038 4514 id
1060 4439 1313 4523 praetereundum
1336 4453 1396 4514 cst,
1415 4440 1504 4526 quod
1525 4443 1655 4513 monuit

617 4523 664 4589 cl.
688 4522 874 4587 Gallandius
899 4523 1082 4608 Prolegom.
1105 4524 1186 4588 tomi
1202 4525 1234 4588 ii.
1258 4524 1408 4589 Bibliotlr.
1431 4529 1498 4589 ΡΡ.
1521 4548 1554 4612 p.
1567 4529 1653 4593 xxxi.

614 4609 650 4673 ,is
661 4608 759 4679 enim,
769 4631 807 4672 eo
818 4607 905 4694 quod
914 4610 1040 4673 Auctor
1049 4609 1229 4695 fragmenti
1240 4611 1291 4675 De
1304 4611 1425 4674 Conone
1435 4611 1467 4675 S.
1478 4611 1653 4696 Scripturas

615 4693 653 4773 in
670 4693 719 4758 his
735 4694 949 4768 Collectaueis
964 4716 1041 4759 mox
1053 4694 1208 4783 ponendi,¹
1219 4695 1259 4760 de
1278 4695 1428 4776 Mitiade,
1449 4696 1497 4787 vel
1516 4697 1653 4769 fortasse
