4092 5675
591 772 645 838 IN
665 766 888 836 AFRICANI
911 765 1045 832 EPIST.
1068 765 1132 831 AD
1154 766 1411 833 ORIGENEM.
1455 785 1517 854 207

488 949 515 983 “
526 940 754 1030 ἦςρονγαλωμένον
766 962 831 1004 non
842 938 925 1002 male
939 936 1063 1002 videtur
1074 937 1152 1002 verti
1164 959 1275 1024 posse:
1292 937 1438 1004 Telorum
1449 939 1519 1005 lose

487 1037 514 1069 “
525 1028 681 1094 distracti.
705 1028 937 1091 Verumtamen
948 1023 1023 1088 licet
1034 1024 1079 1101 ri,
1091 1022 1329 1111 ἠςραγολωμένον,
1339 1037 1520 1091 constanter

483 1120 511 1154 “
523 1114 654 1200 legatur
668 1127 739 1177 tum
755 1110 839 1196 apud
855 1109 1057 1187 Africanum,
1073 1121 1143 1173 tum
1157 1109 1243 1208 apud
1259 1109 1445 1196 Origenem,
1458 1112 1519 1177 du·

482 1205 510 1239 “
524 1197 649 1264 bitandi
660 1199 752 1262 locus
763 1210 823 1273 est,
833 1208 870 1259 ut
881 1207 991 1259 monet
999 1194 1235 1273 Wetsthenrus,
1244 1216 1283 1258 an
1293 1198 1400 1280 potius
1409 1196 1520 1284 legen·

481 1283 606 1350 “dum
629 1285 671 1349 sit
686 1288 754 1382 ἐςρα
777 1278 934 1363 sanentur.
977 1280 1123 1344 Africani
1142 1280 1227 1343 enim
1248 1283 1343 1344 verba
1365 1282 1522 1368 Origenes

486 1376 512 1409 “
526 1368 625 1457 pauio
644 1369 727 1434 infra
746 1308 863 1432 diserte
886 1366 980 1430 refert
999 1366 1041 1430 ad
1063 1366 1211 1442 Tobiam‚
1225 1378 1259 1429 at
1278 1368 1389 1431 Tobiae
1404 1389 1475 1453 cap.
1488 1368 1523 1434 ii.

487 1460 512 1494 “
526 1476 592 1520 ver.
601 1468 633 1519 3.
645 1468 712 1519 tam
725 1454 757 1517 in
768 1452 847 1516 Aldi
861 1473 957 1538 quam
969 1450 1000 1514 in
1013 1451 1082 1516 aliis
1094 1450 1186 1515 editis
1198 1451 1286 1515 libris
1297 1451 1430 1539 legitur:
1444 1454 1479 1529 εἷς
1490 1458 1522 1519 ἐκ

488 1546 514 1581 “
524 1545 564 1606 τῦ
574 1538 658 1625 γένος
669 1545 743 1621 ἡμῶν
755 1535 994 1623 ἐςροιγῐαλωμὲνος
1006 1537 1116 1625 ἔρρνπῖορ
1128 1540 1197 1621 irari
1210 1539 1312 1623 ἀγορᾷ.
1338 1537 1473 1687 {bridam
1484 1540 1522 1604 de

489 1632 512 1667 “
551 1647 639 1691 onere
647 1634 759 1689 nostro.
780 1625 855 1690 Vet.
866 1625 986 1707 Interp.
997 1622 1102 1687 Latin.
1104 1623 1146 1707 jn
1192 1621 1348 1701 lotos,Vu
1360 1637 1427 1709 gat.
1435 1639 1524 1709 prce·

490 1648 662 1798 “Joootns,
682 1710 803 1774 Xantes
826 1708 997 1794 Pagninus,
1018 1644 1190 1795 strongniii

492 1796 610 1884 “foro.
631 1797 707 1866 Vox
720 1809 839 1872 tamen,
854 1802 924 1880 ήςρα
948 1792 1094 1875 anonim,
1106 1792 1196 1856 nobis
1211 1793 1334 1858 videtur
1349 1795 1523 1875 retinenda,

480 1887 515 1931 -“
529 1895 601 1946 tum
616 1881 693 1967 quia
712 1881 810 1945 altera
828 1818 1067 1967 ὲςραγένλορὲνος
1082 1878 1182 1942 semel
1198 1891 1322 1945 tanturn
1339 1880 1478 1945 occurrit
1491 1881 1524 1945 in

493 1971 516 2007 “
527 1965 644 2045 Tobia,
660 1987 719 2030 nec
733 1965 810 2029 alibi
823 1964 943 2051 legitur
955 1964 989 2028 in
1003 1964 1127 2042 Bibliis,
1137 1979 1207 2028 turn
1221 1965 1295 2050 quia
1309 1966 1402 2030 sortis
1417 1966 1525 2055 abjec-

492 2057 517 2094 “
530 2050 665 2118 tissimae
686 2064 914 2137 argumentum
936 2064 986 2114 est
1005 2049 1074 2114 insu
1095 2048 1228 2113 talorum
1249 2050 1380 2114 distrahi
1399 2065 1433 2115 et
1452 2065 1526 2137 post

494 2142 670 2202 “mortem
687 2134 874 2221 insepultum
890 2134 1002 2221 inforo
1009 2136 1149 2218 jocero.”
1186 2136 1270 2199 Joeli
1307 2136 1415 2200 uidem
1431 2139 1525 2203 verba

494 2221 566 2288 haec
580 2233 667 2301 sunt,
681 2222 740 2285 Καὶ
756 2222 797 2284 ἐπὶ
809 2223 855 2285 τὸν
866 2221 932 2285 λαόν
945 2247 986 2304 μιν
1005 2218 1103 2284 {Ganos
1117 2220 1231 2304 κλήρεος,
1246 2222 1268 2306 ’i
1284 2160 1385 2284 iteras
1399 2228 1436 2285 τοὶ
1448 2249 1523 2286 οταν-

495 2307 577 2460 iiim
589 2310 718 2395 ωορναῖς,
732 2308 780 2370 καὶ
793 2312 831 2371 τοὶ
845 2305 964 2392 κορασῖον
978 2305 1097 2369 ἐπώλουν
1119 2306 1178 2369 ἀντὶ
1202 2312 1249 2369 τοῦ
1271 2304 1351 2385 οἴνου,
1366 2308 1413 2371 καὶ
1429 2307 1526 2374 ἔπινον.

526 2415 561 2458 rx
581 2406 690 2458 autem
707 2392 832 2471 dubito,
849 2392 929 2456 nihil
943 2391 1156 2469 obstantibus,
1171 2413 1249 2477 quas
1263 2392 1381 2478 legisti,
1396 2393 1527 2462 rationi-

494 2477 569 2558 bus,
577 2478 658 2565 quin
671 2477 906 2565 ἑςραγίαλομένον
921 2476 1094 2541 Africanus
1109 2476 1269 2562 scripserit
1283 2479 1451 2577 proposito
1468 2483 1528 2548 sibi

499 2562 603 2638 Tobiae
615 2564 702 2641 loco,
715 2563 776 2627 etsi
791 2564 836 2626 ibi
854 2563 895 2627 de
913 2563 1058 2628 tribuum
1079 2561 1191 2626 decern
1211 2563 1391 2648 eapt1vitate
1409 2568 1527 2654 agitur.

485 2649 615 2738 ,Neque
629 2649 693 2713 hoc
707 2648 922 2713 omittendum
943 2662 1003 2725 est,
1018 2661 1157 2712 veterem
1176 2648 1381 2734 interpretem
1397 2654 1530 2719 Leonem

480 2729 659 2800 'Cornum
679 2734 725 2798 ita
746 2733 884 2812 vertisse,
907 2755 1036 2820 nemque
1057 2732 1192 2819 qnotidie
1211 2747 1268 2818 per
1289 2736 1391 2800 omnio
1411 2740 1531 2806 crucio-

498 2821 602 2887 merra
617 2830 810 2885 necarentur.
836 2819 949 2884 Sedet
965 2819 1098 2884 Herveti
1111 2818 1304 2886 Versionum
1321 2822 1420 2909 prior,
1427 2825 1530 2915 jugo·

501 2904 559 2983 loti
572 2905 683 2985 habet,
696 2905 858 2990 posterior,
873 2903 1075 2969 vexabuntur.

543 2992 578 3055 P.
595 3006 661 3056 113.
677 2991 700 3056 l.
717 3007 744 3055 l.
767 2989 885 3074 ἄταφον]
899 2990 1105 3056 Hoesehelius
1119 2991 1229 3055 omisit
1248 2989 1360 3074 ἄταφον.
1382 2995 1530 3064 DELAR.

499 3075 659 3144 Nesciunt
672 3077 775 3142 MSS.
790 3098 920 3163 quoque
935 3075 1028 3139 Bodl.
1044 3089 1077 3139 et
1093 3076 1179 3140 Trin.
1223 3077 1288 3142 Sed
1311 3101 1372 3143 vox
1394 3103 1427 3144 re
1451 3084 1534 3149 osita

501 3174 548 3227 est
561 3161 603 3226 ad
616 3161 793 3227 eorundem
808 3184 899 3240 oras3
916 3162 1093 3247 eademque
1106 3161 1193 3247 apud
1209 3161 1372 3250 origenem
1387 3104 1533 3234 Ariicani

501 3245 610 3313 locum
624 3260 821 3334 repetentem
835 3246 868 3310 in
884 3246 1051 3312 Bodleiano
1067 3246 1182 3310 saltem
1196 3246 1295 3311 codice
1308 3262 1404 3313 extat.
1638 3301 1643 3309 .

542 3332 629 3399 Ibid.
651 3337 678 3396 ἐν
698 3336 732 3419 τῇ
754 3333 879 3418 ωροτὲρρ
900 3330 1102 3418 αἰῃνοιλωσῖρ]
1119 3331 1277 3417 Opposita
1297 3334 1464 3419 posteriori
1485 3336 1533 3404 illi

503 3418 676 3568 eapgivitati
689 3419 749 3482 sub
762 3417 960 3503 Vespasiano
973 3418 1064 3503 Aug.
1456 3499 1458 3502 Ι

576 3502 621 3569 id.
635 3503 658 3571 l.
670 3517 701 3570 2.
718 3505 857 3588 ἴςορεῖταρ]
869 3504 945 3567 Hoc
955 3500 1082 3590 praetuli
1092 3501 1134 3588 τῷ
1143 3501 1271 3588 ἴςὸρητον,
1284 3503 1531 3591 suffragantibus

504 3586 689 3670 Hoesohelio,
709 3589 786 3653 MS.
806 3600 947 3675 utroque,
967 3589 1173 3674 Hervetique'
1187 3588 1386 3654 Versionibns.
1427 3592 1533 3658 Aliter

503 3674 608 3739 oaeteri
631 3671 704 3737 libri
726 3673 932 3760 Origenisque
952 3672 1092 3758 epistola.
1136 3673 1250 3738 Statim
1271 3685 1345 3760 post
1366 3679 1454 3740 αὐτῶν
1473 3699 1532 3763 pro

504 3762 593 3835 αὐτοῖς
612 3758 772 3825 Hoesclrel.
788 3759 944 3846 iidemque
958 3757 1060 3823 MSS.
1098 3758 1161 3823 Sed
1182 3758 1223 3823 ad
1245 3782 1334 3825 oram
1356 3762 1419 3826 cod.
1440 3763 1533 3828 Bodl.

504 3846 593 3920 ον’ντοῖς
606 3866 641 3909 re
686 3844 783 3910 situm
799 3859 858 3910 est.
1261 3865 1263 3871 ·

544 3928 631 3995 lbid.
659 3941 711 3993 .4.
734 3935 757 3992 oi
777 3928 805 3992 δέ
823 3957 855 3992 τε
876 3930 923 3993 καὶ
945 3930 1012 4015 περὶ
1032 3927 1168 4013 θανάτου]
1190 3930 1228 3993 In
1251 3927 1416 3995 Deloruoei
1437 3944 1534 4022 atque

507 4012 667 4081 Wetstenii
678 4013 767 4081 editt.
783 4021 806 4078 ot
817 4016 844 4078 δὲ
855 4041 889 4078 πε
905 4013 1038 4086 inurere
1050 4013 1103 4078 hic
1113 4027 1146 4078 et
1157 4014 1241 4100 apud
1252 4015 1533 4102 Origenemextat.

506 4099 592 4166 Cum
606 4121 682 4165 vero
696 4099 728 4163 in
744 4100 821 4164 MS.
839 4041 917 4164 cod.
935 4098 1020 4163 Trin.
1039 4105 1063 4166 oi
1078 4098 1105 4162 δέ
1119 4125 1150 4163 τε
1164 4102 1211 4167 καὶ
1226 4126 1260 4164 πε
1276 4101 1330 4165 tt.
1346 4101 1399 4168 hic
1413 4105 1534 4171 scriba-

504 4197 567 4265 tur,
582 4184 759 4271 itidemque
773 4185 859 4271 apud
875 4183 1032 4255 Hoesonel.
1048 4185 1131 4257 etin
1145 4186 1222 4251 MS.
1270 4186 1330 4251 odt.
1350 4193 1372 4252 εἰ
1394 4190 1442 4274 (οἱ)
1463 4190 1491 4254 δέ
1508 4219 1536 4256 τι

507 4274 550 4360 (rr
564 4269 707 4353 Hoescd.)
725 4272 772 4334 καὶ
785 4271 852 4357 περὶ
868 4276 898 4333 θ.
913 4270 943 4333 ie
967 4270 1086 4335 endum
1099 4271 1276 4356 putaverim
1290 4273 1337 4336 ott
1352 4273 1390 4339 ἔτι
1406 4277 1454 4340 καὶ
1467 4280 1536 4365 περὶ

501 4360 535 4422 ἃ.
556 4355 707 4443 Morgini
721 4377 795 4421 vero
810 4356 875 4420 cod.
886 4291 978 4421 Boii.
993 4355 1064 4420 haeo
1078 4355 1190 4426 notula
1203 4357 1313 4425 addita
1323 4372 1386 4425 est:
1402 4367 1424 4422 ‘5
1435 4363 1538 4428 Deest

505 4442 544 4505 n'
574 4441 582 4458 ⁸
607 4440 674 4506 uid.
696 4443 795 4512 Herv.
810 4440 868 4528 qui
885 4440 966 4527 legit
985 4439 1070 4506 ἄλλον
1088 4441 1116 4505 δέ
1133 4467 1165 4505 τε
1180 4470 1208 4510 κ.
1222 4470 1254 4509 π.
1267 4449 1298 4511 θ.
1314 4444 1455 4532 ἐκρίνοντο.
1479 4446 1537 4511 sed

505 4531 528 4591 ‘.‘
540 4524 577 4591 hi
613 4548 652 4592 ca
668 4540 718 4590 est
736 4527 850 4606 oratio,
865 4548 923 4590 nec
941 4527 1092 4604 sananda,
1109 4527 1168 4591 nisi
1182 4551 1202 4594 a
1214 4528 1304 4596 libris
1317 4529 1536 4596 melioribus.''

504 4613 545 4677 In
566 4611 890 4712 Posteriori'quidem
906 4612 1062 4678 Versione
1076 4613 1146 4678 haec
1160 4615 1269 4701 posuit
1283 4618 1452 4695 Hervetus,
1466 4616 1538 4682 Alii

504 4707 610 4802 entem
632 4696 667 4764 in
675 4698 836 4787 perdoctum
855 4696 1029 4787 veniebant,
1044 4698 1132 4787 prius
1146 4711 1256 4773 sutem
1269 4700 1356 4774 idem
1370 4698 1425 4777 ille
1437 4702 1537 4770 inter-

1185 1718 1234 1771 νον
1250 1709 1404 1793 projectus
1423 1720 1468 1773 est
1489 1710 1524 1774 in
