4092 5675
400 3696 403 3700 ·
503 3670 670 3758 γραφείσας,
685 3677 718 3758 τῇ
734 3673 761 3735 δὲ
778 3670 821 3737 ιδ.
837 3670 968 3759 Κόροιὸον
980 3674 1094 3738 Ἠλεῖον
1108 3677 1226 3750 νιιιῆσας.
1251 3672 1294 3736 Se

495 783 560 854 320
810 807 813 816 ·
830 763 1192 832 ANNOTATIONES

498 935 630 1000 dentem
644 933 839 1014 Eusebium
854 933 910 998 sed
927 933 1007 999 nihil
1020 934 1066 1000 ibi
1083 934 1228 999 Petavius
1241 932 1343 998 babet
1355 931 1399 998 de
1412 931 1536 998 Achaei

499 1042 584 1085 anno
598 1022 715 1107 primo,
731 1042 796 1106 qua
810 1019 1028 1084 constituebat
1071 1021 1185 1085 rimmn
1203 1018 1434 1106 Olympiadem
1449 1017 1534 1083 Afri-

497 1128 610 1185 canus,
631 1106 687 1171 sed
708 1119 834 1170 tantum
857 1104 898 1169 de
918 1126 1021 1191 regno
1057 1105 1199 1170 oathsmi
1219 1118 1370 1192 tanquam
1393 1125 1535 1170 connexo

497 1213 574 1256 cum
599 1190 713 1279 prioris
737 1191 822 1277 regis
836 1190 964 1255 Azariae
980 1212 1093 1277 regno,
1109 1213 1174 1256 non
1188 1191 1267 1255 item
1280 1211 1357 1256 cum
1374 1211 1476 1277 regno
1489 1191 1536 1254 A·

498 1276 604 1355 absai,
618 1277 675 1365 qui
688 1277 840 1341 Jostham
854 1275 1058 1341 succedebat.
1102 1276 1269 1342 Caeterum
1289 1275 1452 1340 Eusebius
1472 1276 1535 1362 ipse

499 1361 531 1427 in
547 1364 726 1448 Praeparat.
742 1383 801 1426 sus
813 1362 939 1450 Evoog.
961 1361 1016 1426 lib.
1032 1384 1063 1426 x.
1084 1383 1155 1448 cap.
1171 1374 1218 1426 14.
1239 1383 1259 1427 a
1280 1382 1315 1424 se
1336 1361 1535 1440 dissentiens,

499 1447 583 1512 sicut
597 1448 630 1513 in
644 1447 707 1512 alia
720 1469 754 1512 re
767 1447 905 1535 quadam
926 1445 969 1510 ad
987 1449 1023 1511 N
1026 1469 1092 1510 um.
1110 1468 1203 1511 xxx.
1227 1467 1325 1533 supra
1347 1451 1535 1530 memorata,

498 1553 574 1598 cum
589 1534 744 1598 Africano
758 1532 877 1598 taciens
891 1532 1026 1598 Achszo
1042 1547 1196 1618 regnante
1211 1533 1257 1596 ait
1269 1532 1411 1618 primam
1425 1533 1536 1621 Olym·

498 1617 625 1704 piadem
640 1617 825 1704 contigisse.
863 1617 978 1697 Aliter,
993 1629 1031 1682 ut
1045 1616 1122 1698 dixi,
1136 1618 1169 1683 in
1184 1616 1331 1682 Chronico
1346 1617 1430 1704 egit.

796 2019 799 2032 .
925 1962 1105 2028 XXXVII.

546 2134 579 2199 P.
595 2144 661 2210 ¹7¹·
678 2133 701 2197 l.
713 2146 763 2198 25.
782 2137 973 2220 ἀναγραφῆναι
993 2134 1020 2197 δὲ
1038 2133 1113 2218 &c.]
1131 2133 1293 2219 Georgius
1317 2131 1390 2198 baec
1413 2132 1561 2220 praemi,

500 2220 564 2286 sit:
585 2217 718 2293 Εὐσίὸιος
732 2218 761 2282 lt
773 2222 822 2297 siu
840 2217 954 2305 πρώτην
972 2219 1155 2300 Ὀλυμπιάδα
1169 2220 1212 2281 δαὶ
1225 2219 1348 2282 Ἰώδαν
1361 2219 1492 2320 συνάγει,
1503 2221 1538 2283 εἰ

500 2308 575 2387 μετὰ
595 2303 631 2383 δ’.
653 2303 698 2383 ἔτι]
720 2304 940 2385 βασιλεύσαντος
959 2311 1008 2369 τοῦ
1029 2305 1119 2368 Ἰούδα
1141 2303 1188 2387 (h.
1200 2326 1229 2368 e.
1250 2299 1471 2390 postillam
1485 2325 1539 2370 un·

502 2413 579 2455 num
593 2391 709 2472 xum),
723 2391 771 2454 καὶ
784 2390 831 2454 τδν
843 2391 1006 2476 ’Applicuit
1019 2388 1142 2477 προφέρει
1156 2388 1399 2476 συνᾴδοντααοιῦτῷ
1413 2388 1539 2476 irrlrp.

501 2481 516 2538 ὅ
535 2477 563 2540 δὲ
581 2478 639 2559 Ἀφ
656 2478 746 2549 ικανδς
764 2481 876 2559 μᾶλλον
898 2478 1063 2552 ἐναντιοῦται
1081 2481 1122 2561 τῷ
1141 2472 1268 2540 Εὖσιέδα
1282 2478 1360 2539 κατὰ
1372 2480 1424 2538 τοῦ
1443 2476 1540 2561 Ἀχδζ

501 2502 1241 2733 ...lpum
1251 2538 1380 2733 ute.
1394 2558 1540 2732 tate

502 2738 626 2818 δςοριιιὸιν
638 2735 723 2795 αὐτοῦ
735 2740 850 2817 τρανῶς,
868 2735 896 2794 ἐν
916 2709 959 2806 οἷς
974 2729 1024 2794 ὦδε
1045 2708 1156 2816 ypo‘rpa·
1181 2709 1492 2795 ’ANAPPAbthl
1513 2731 1540 2794 li

500 2817 563 2881 dac.
586 2816 750 2894 Eruelius,
764 2815 916 2902 Afiu'oano
932 2826 1009 2881 teste
1020 2816 1081 2896 sili
1095 2816 1297 2883 consentiente
1307 2815 1471 2902 producta,
1486 2813 1538 2883 sul

498 2901 648 2967 Joatlom
671 2903 758 2987 cujus
773 2902 806 2966 io
819 2901 906 2966 Juda
925 2924 1056 2989 regnum
1072 2903 1164 2968 aunis
1187 2914 1251 2969 octo
1276 2902 1369 2967 022·ae
1386 2900 1495 2989 quinto
1505 2911 1539 2967 'et

501 2985 738 3075 quadragesimo
765 2985 915 3073 posterius
942 2987 1131 3075 agnoscitur,
1160 2986 1379 3076 Olympiadem
1402 2986 1540 3073 primam

500 3070 644 3170 colligit:
668 3070 840 3160 Africanam
855 3083 959 3138 autem
975 3073 1103 3138 Emelii
1124 3073 1308 3139 sententiam
1326 3073 1469 3159 opposita
1489 3072 1540 3137 de·

499 3166 597 3223 straet
615 3158 817 3239 authoritate,
831 3159 874 3224 ad
885 3157 996 3225 Actae
1012 3182 1065 3224 an.
1081 3158 1218 3243 primum
1235 3157 1456 3246 Olympiadem
1472 3156 1540 3245 pri·

501 3266 587 3308 mam
603 3245 693 3309 tertio
707 3254 738 3309 et
754 3256 865 3332 quarto
879 3244 1105 3310 Historicorum
1122 3242 1198 3309 lilro
1214 3243 1332 3329 apertis
1348 3243 1431 3309 bisce
1444 3242 1541 3310 vulis

503 3329 629 3400 initium
643 3329 785 3395 laluisoe
796 3330 975 3417 firmans.-
1000 3330 1314 3396 OLYMPIADEM
1329 3330 1468 3416 primam
1483 3330 1541 3395 διο.

500 3475 504 3483 .
548 3414 631 3481 Ibid.
645 3422 837 3504 duuypoepiror
847 3416 992 3505 lippelous
1004 3420 1052 3494 τὴν
1062 3416 1381 3504 τεσσαρεσκαιδεκάτην]
1396 3415 1541 3482 Consen-

502 3500 603 3566 tiebat
613 3501 654 3566 de
664 3501 725 3566 hac
735 3523 769 3566 re
780 3501 1011 3567 Callimachus.
1032 3501 1086 3566 Sic
1095 3501 1180 3566 enim
1191 3501 1354 3588 Georgius
1364 3500 1542 3589 Syncel.ed

495 3606 536 3671 .p.
553 3593 620 3664 196.
635 3586 831 3672 Καλλίμαχος
844 3586 873 3650 δέ
886 3605 965 3666 φησιν
983 3587 1180 3670 Ὀλυμπιάδας
1194 3587 1245 3673 ιγ’.
1258 3590 1408 3737 unffi?
1415 3591 1542 3738 ,iiix

503 3757 618 3823 demus
633 3769 666 3820 et
681 3757 834 3844 Polybius
848 3758 1055 3844 scripserunt,
1070 3770 1108 3822 ut
1122 3758 1218 3823 refert
1230 3756 1352 3823 ibidem
1368 3758 1541 3845 Georgius,

505 3842 683 3908 Coroebum
707 3842 794 3908 hanc
813 3842 923 3908 vicisse
944 3843 1149 3930 Olympus.
1169 3866 1243 3929 quae
1264 3843 1369 3928 prima
1391 3843 1541 3930 deinceps

504 3927 615 3993 habita
635 3928 719 4008 fuit;
741 3941 774 3993 et
795 3928 840 3994 vir
861 3929 902 3993 cl.
918 3928 998 3994 Edv.
1015 3929 1171 3994 Corsinus
1192 3928 1379 4007 inDissert.
1393 3929 1540 4019 Agonist.

505 4026 583 4076 sect.
596 4028 625 4077 2.
643 4013 832 4100 Phlegontis
850 4014 1035 4079 testimonio
1049 4013 1175 4079 innixus
1190 4013 1288 4079 docet
1300 4013 1442 4100 palmam
1457 4027 1541 4080 retu·

502 4097 578 4161 lisse
592 4119 667 4162 eum
684 4114 752 4164 112.
766 4114 841 4184 post
854 4122 965 4179 annos,
981 4100 1044 4164 hoc
1059 4113 1108 4165 est
1122 4113 1173 4165 28.
1188 4098 1422 4188 Olympiadum
1437 4111 1541 4166 totum

505 4182 643 4268 spatium
658 4199 733 4267 post
748 4183 842 4250 ludos
857 4185 957 4273 Olym
982 4185 1050 4250 icos
1065 4186 1107 4251 ab
1123 4184 1233 4273 Iphito
1247 4185 1426 4266 restitutos,
1442 4208 1462 4251 a
1480 4206 1542 4273 qus

504 4266 634 4355 quidem
651 4267 782 4333 victoria
796 4270 837 4335 Ol
863 4207 1008 4357 mpiadbs
1029 4292 1196 4336 numerare
1216 4269 1384 4356 coeperint.
1428 4273 1539 4359 Quan-

496 4368 616 4441 -topere
637 4364 744 4417 autem
768 4293 950 4441 displiceret
968 4355 1085 4422 illustri
1108 4359 1273 4422 Newtono
1289 4355 1395 4421 omnis
1408 4355 1481 4422 haec
1495 4357 1540 4422 0-

503 4438 704 4526 lympiadum
731 4453 814 4504 ante·
830 4440 1009 4506 Coroebum
1036 4443 1145 4521 series,
1170 4440 1311 4507 ostendit
1338 4441 1540 4530 chronologia

500 4526 574 4612 ‚ejus
589 4524 748 4590 Restituta
766 4525 807 4607 sd
828 4548 904 4615 pag.
916 4539 966 4603 ⁵7·
986 4541 1019 4592 et
1039 4550 1129 4615 seqq.
1165 4529 1320 4592 Attamen
1335 4549 1375 4591 ex
1389 4527 1540 4593 Africana

504 4610 639 4675 fortasse
654 4622 783 4709 sumpts
789 4611 930 4677 loannes
942 4612 1066 4678 Malaia
1078 4614 1149 4679 baec
1164 4613 1273 4680 attulit
1288 4613 1350 4677 line
1365 4613 1422 4678 lib.
1439 4611 1540 4702 quarti

507 4695 770 4784 Clronogropluae
789 4719 955 4787 sumque
976 4697 1018 4765 ad
1038 4699 1155 4767 horum
1172 4721 1316 4787 agonum
1327 4698 1427 4764 initia
1443 4697 1539 4786 perti·
