4092 5675
536 705 1342 809 ma.aaaxnnnnra1mos'.mncn.'
1405 760 1448 831 49

412 903 497 975 “aas
512 907 628 995 σ’ἔμιος,
643 910 806 990 διδαᾰκίτό.
836 910 933 996 Conf.
956 905 1094 980 Consilii
1116 910 1391 1000 Carthaginiensis
1405 912 1447 978 iv.

411 1001 435 1037 “
448 991 597 1078 011198.
620 981 739 1063 [ieonis
754 999 847 1085 Papae
860 998 965 1085 Epist.
980 1005 1093 1078 61,63.
1130 999 1205 1064 Hoc
1224 1014 1333 1064 autem
1349 998 1448 1064 usita-

409 1085 433 1123 “
447 1094 522 1160 tum
537 1103 603 1147 non
617 1097 697 1162 erat,
713 1107 787 1149 cum
810 1085 844 1150 in
867 1083 985 1150 saeculo
1008 1084 1103 1150 tertio
1123 1083 1292 1176 episcopus
1307 1084 1449 1150 Alexan·

409 1159 433 1208 ‘⁴
449 1165 564 1233 drinus
586 1167 632 1234 nil
659 1168 724 1234 tale
748 1191 890 1258 unquam
916 1168 1144 1248 inaudivisset3
1174 1168 1293 1258 quique
1315 1169 1449 1258 Origeni

411 1257 433 1293 ‘⁴
447 1251 538 1319 laico·
556 1253 621 1319 hoc
643 1276 761 1319 munus
782 1254 991 1342 permiserant
1014 1254 1169 1404 episcopi,
1188 1277 1326 1355 quorum
1350 1255 1450 1322 inter·

409 1341 435 1379 ‘¹
446 1343 531 1419 erat,
544 1361 642 1428 quam
656 1339 796 1426 plurima
810 1347 960 1427 poterant
973 1340 1005 1405 in
1020 1340 1069 1407 sui
1081 1340 1121 1408 de
1135 1362 1300 1406 ensronem
1311 1341 1451 1428 allegare

411 1429 436 1464 “
449 1423 611 1512 exempla,
627 1428 688 1491 tria
703 1437 828 1492 tantum
846 1425 1022 1504 adducunt,
1035 1439 1069 1492 et
1080 1426 1222 1492 latentur
1235 1448 1270 1490 se
1286 1426 1378 1526 plura
1393 1449 1451 1492 ne·

411 1515 435 1549 “
472 1527 614 1660 uappeam
639 1510 833 1576 rescivisse.’'
872 1511 1031 1577 Conferas
1052 1511 1173 1578 utiliter
1196 1511 1373 1606 doctisqmi
1393 1512 1452 1578 viri

411 1593 498 1660 Petri
568 1595 650 1684 ylini
662 1587 838 1670 Ecclesiam
849 1593 1061 1685 Anglicanam
1077 1596 1287 1677 Wndicctam,
1300 1617 1383 1686 opus
1397 1596 1452 1663 iti·-

412 1677 489 1745 tiem
498 1679 613 1782 lingua
623 1681 791 1748 remacula
800 1683 963 1769 scriptam,
973 1684 1056 1748 Part.
1066 1683 1099 1750 ii.
1111 1706 1181 1783 cap.
1188 1706 1217 1749 v.
1230 1683 1265 1748 P.
1276 1698 1306 1748 2.
1318 1684 1370 1768 §§.
1379 1696 1451 1762 3,4.

411 1773 447 1831 'et
458 1765 502 1830 cl.
517 1765 693 1854 Brnglrami
710 1767 855 1858 Origines
869 1767 1052 1834 Eccksiast.
1067 1769 1125 1834 ln.
1136 1792 1198 1834 xrv.
1213 1791 1251 1833 ca
1276 1769 1336 1836 ‚in
1352 1768 1383 1852 ξ.
1395 1782 1428 1834 4.

455 1851 492 1917 Ρ.
503 1863 556 1918 41.
573 1852 596 1918 l.
611 1866 658 1920 14.
680 1857 728 1918 sia
742 1858 788 1918 οἰδ
804 1853 873 1929 ὄντος
890 1855 967 1938 &c.]
982 1856 1065 1919 Haee
1078 1854 1215 1942 epistola
1228 1790 1273 1919 ari
1287 1853 1451 1921 Demetri-

411 1945 470 2002 um
491 1937 612 2026 scripta
630 1952 681 2004 est
698 1940 740 2003 ab
761 1939 948 2006 Alexandro
967 1939 1271 2028 Hierosolymorum
1288 1939 1396 2026 episco
1420 1963 1452 2020 o,

411 2019 479 2087 viro
493 2022 716 2090 disertissimo.
739 2026 825 2090 unde
838 2025 993 2114 singulari
1007 2049 1142 2092 numero
1156 2025 1299 2114 loquitur
1313 2029 1362 2092 οὐκ
1381 1961 1451 2105 aia,

412 2107 559 2195 quamvis
582 2117 646 2175 no'n
669 2123 794 2176 tanturn
808 2134 879 2191 suo,
894 2112 997 2178 sedet
1013 2111 1219 2178 Caesariensis
1234 2110 1377 2198 episcopi
1391 2131 1452 2176 no·

412 2191 501 2258 i'nine
516 2189 625 2261 literas
640 2195 769 2261 scribat.
792 2199 1001 2263 Vanasrus.

456 2278 543 2343 ibid.
559 2280 582 2343 l.
598 2286 645 2343 16.
667 2282 716 2341 aul
737 2288 962 2363 exuperantiam
983 2288 1023 2367 τῷ
1044 2285 1107 2367 λαιῷ
1126 2285 1310 2368 προσομιλεῖν
1330 2280 1380 2345 isi
1400 2284 1454 2345 rtis

413 2360 503 2450 οἶγῐινν
518 2362 686 2448 arcanas]
705 2364 838 2430 Rufinus
860 2365 906 2430 ita
924 2365 1028 2445 vertit,
1043 2388 1112 2429 cum
1125 2365 1303 2431 consuetudo
1319 2365 1453 2446 incessit,

415 2459 454 2514 ut
474 2445 571 2516 sicubi
591 2449 789 2513 inveniantur
803 2450 858 2540 qai
873 2450 992 2535 possint
1001 2450 1130 2538 fratres
1147 2450 1298 2518 inst-ruere
1312 2450 1346 2516 in
1359 2451 1454 2518 eccle-

415 2533 475 2614 sia,
489 2544 521 2598 at
541 2534 693 2600 consolari
709 2533 871 2621 populum,
886 2535 929 2600 ad
947 2535 1145 2602 tractandum
1164 2553 1281 2624 semper
1300 2537 1455 2603 assuetis

416 2618 565 2710 episcopis
584 2619 766 2700 invitentur,
781 2634 819 2686 ut
837 2620 1024 2707 hujusmodi
1039 2622 1118 2709 quid
1130 2622 1285 2710 interpres
1300 2622 1455 2689 invenisse

416 2704 539 2771 censeri
552 2706 745 2794 possit-aul
760 2706 965 2792 παρακαλέσαι
978 2710 1024 2773 ris
1038 2708 1118 2786 λοιόν,
1130 2713 1339 2796 apocrisarium
1352 2712 1456 2792 ὁμιλεῖν

416 2793 466 2857 iel
486 2817 518 2856 τ.
540 2793 570 2856 ἀ.
592 2795 615 2857 i.
652 2791 771 2859 Omisit
795 2793 928 2859 verbum
949 2795 1134 2882 προσομιλεῖν
1157 2793 1362 2881 Niceploms,
1379 2816 1456 2861 eum

416 2901 492 2961 vero
515 2877 604 2944 idem
625 2878 716 2944 addit
736 2900 829 2945 voces
847 2886 926 2945 roim
949 2886 979 2946 οὐ
999 2881 1178 2969 πρόσκομμα
1197 2893 1272 2969 post
1291 2879 1456 2960 ἐπισκόπων,
1519 2918 1521 2925 ·

417 2963 480 3031 hoc
493 2984 536 3029 ex
575 2963 745 3030 lossemate
760 2964 941 3052 profectum
955 2965 1089 3033 videtur.

459 2984 586 3115 latui.
603 3063 650 3116 18.
671 3049 837 3138 Λαςίινδοις]
854 3052 1026 3139 Lycaoniae
1040 3052 1073 3125 in
1087 3050 1167 3117 Asia
1180 3051 1310 3119 Minore
1325 3052 1417 3118 urbe.

459 3134 547 3200 lbid.
561 3135 588 3200 l.
602 3151 649 3216 19.
671 3135 829 3223 Σοννίιδοις]
845 3136 1054 3203 scribendum
1069 3150 1118 3202 est
1132 3136 1277 3213 Σνννίιδοις
1293 3136 1380 3222 (edd.
1395 3137 1456 3203 ha·

418 3221 496 3287 bent
508 3220 668 3307 Συνάδιις).
692 3220 788 3287 Certe
804 3222 938 3290 Rufinus
948 3222 1041 3289 vertit
1051 3222 1135 3308 apud
1147 3222 1342 3309 Synaodam.
1366 3223 1455 3288 Urbs

420 3319 468 3372 cst
491 3306 642 3395 Phrygiae
666 3306 842 3387 notissima,
865 3307 911 3372 sic
933 3307 1019 3375 dicta
1040 3309 1094 3371 ἀπὸ
1114 3315 1162 3372 τοῦ
1182 3307 1333 3387 imulas,
1352 3307 1385 3372 id
1406 3317 1456 3375 est

420 3392 579 3459 Σονιιιιιῖνι
601 3413 641 3457 ao
662 3392 749 3481 quod
769 3393 863 3459 multi
880 3415 919 3458 ex
940 3391 1135 3461 Macedonia
1153 3392 1230 3459 illue
1250 3391 1292 3458 ad
1312 3392 1456 3457 incolen-

422 3475 498 3545 dum
519 3477 742 3545 confluxerint.
766 3479 851 3544 unde
872 3480 977 3566 primo
998 3477 1128 3565 quidem
1147 3477 1234 3544 dicta
1253 3491 1303 3545 est
1321 3477 1456 3560 Σοννιιῖιι,

420 3577 535 3648 postea
553 3585 628 3629 vero
651 3576 804 3651 corrupto
823 3565 980 3631 vocabulo
997 3563 1124 3632 Σύνναδα
1143 3585 1164 3629 a
1184 3563 1325 3630 finitimis
1343 3578 1457 3648 uocata

422 3660 480 3715 cst.
526 3648 709 3735 Stephanus
731 3650 763 3714 in
785 3649 841 3715 lib.
865 3650 906 3716 de
929 3650 1071 3717 urbibus
1093 3650 1194 3733 ripis
1214 3658 1327 3737 πρῶτον
1347 3649 1457 3716 insta

425 3732 540 3819 (scribe
552 3732 688 3819 Σοννσιῖα)
707 3737 759 3799 ciri
774 3741 821 3814 τῆς
836 3741 1001 3820 συναγωγῆς
1016 3737 1064 3801 xal
1076 3735 1253 3814 συνοικήσεως
1266 3760 1456 3823 προσαγορευ-

382 3893 385 3897 ,
422 3822 507 3897 θῆναι·
522 3821 739 3901 μετὰδέτοιῦτοι
749 3821 989 3909 σοαρεφὸοιςμένοις
1003 3824 1118 3886 ὑπότῶν
1129 3836 1222 3898 mnam
1263 3819 1457 3911 aipmaZrissa«

424 3904 458 3966 ia
471 3908 617 3983 κληθῆναι.
661 3907 711 3971 Ex
731 3905 781 3970 his
803 3920 945 3994 apparet,
957 3906 1085 3974 Σύνναδα
1100 3929 1174 3972 cum
1191 3846 1319 3971 drixlim
1332 3931 1346 3970 ν
1360 3904 1457 3971 scribi

424 3987 549 4053 debere.
592 3990 692 4056 Quod
710 3990 839 4078 quidem
861 3993 1050 4059 confirmant
1069 3993 1166 4058 etiam
1188 3990 1311 4059 nummi
1326 4003 1456 4057 veteres.
1553 4031 1557 4036 ·

423 4075 519 4139 Extat
535 4074 623 4161 apud
636 4077 795 4141 Joannem
812 4077 996 4143 Tristanum
1017 4099 1168 4142 nummus
1184 4073 1359 4142 Caracallae
1380 4097 1467 4143 cum·
1574 4104 1577 4109 ·

424 4157 482 4224 hac
495 4159 704 4247 inscriptione
715 4166 984 4243 ΟὙΝΝΑΔΕΩΝ,
996 4165 1190 4242 amplum,
1203 4166 1350 4229 ΙΩΝΩΝ.
1371 4163 1457 4251 Quas

423 4245 554 4331 quidem
578 4247 672 4313 inseri
697 4247 743 4313 tio
766 4247 862 4314 docet
882 4249 1105 4336 Synnadenses
1121 4249 1218 4314 fuisse
1235 4249 1408 4325 Doriones,
1423 4245 1458 4313 id

423 4342 470 4394 est
483 4330 661 4397 Dorienses
674 4270 808 4399 lenibus
823 4335 1004 4420 permistos.
1032 4336 1132 4399 Erant
1143 4335 1228 4398 enim
1242 4334 1367 4432 origine
1381 4330 1458 4399 Ma·

423 4416 574 4496 aedona,
588 4430 632 4482 ac*
646 4419 779 4504 proinde
798 4419 982 4485 Dorienses.
1026 4421 1148 4486 Verum
1170 4419 1203 4483 in
1225 4420 1334 4485 medio
1356 4418 1457 4483 Ionia

423 4500 485 4565 siti.
507 4503 717 4569 Varnsrus.
761 4503 795 4569 Si
810 4505 938 4569 verioris
950 4506 1116 4606 scripturae
1130 4505 1218 4570 aliud
1231 4517 1385 4591 praeterea
1398 4501 1457 4569 de·

421 4585 541 4653 sideres
557 4590 753 4676 exemplum,
769 4589 858 4655 dabit
873 4588 982 4669 Strabo
993 4592 1054 4657 lrb.
1066 4592 1128 4657 viii.
1144 4613 1164 4655 a
1181 4591 1309 4656 Thoma
1327 4588 1381 4654 De
1402 4588 1458 4673 Pie

422 4671 508 4737 aedo
523 4672 565 4736 ad
578 4673 669 4738 illum
685 4675 791 4761 Steplr.
808 4676 947 4827 szant.
963 4676 1133 4741 adductus.

383 4822 386 4829 ,
464 4761 734 4827 Munsronrus
751 4762 797 4828 vir
810 4783 828 4829 c
843 4809 851 4827 .
868 4760 901 4827 in
915 4762 1080 4847 Aaecdott.
1096 4748 1137 4826 σοι’
1148 4757 1367 4827 Ambrosiam
1380 4755 1459 4824 Bil-

464 4862 555 4910 νοι.
573 4863 618 4910 ιι.
952 4867 974 4912 2
