4092 5675
722 751 776 821 IN
797 753 896 822 usn
918 751 1214 822 FRAGMENTA.
1445 766 1482 834 ¹7

448 945 586 1013 operum
607 923 678 1013 ejus
700 925 799 1007 tituli,
824 929 937 993 Romae
962 926 1040 991 olim
1064 926 1190 991 effossa.
1241 923 1326 991 Quae
1349 924 1486 988 forsitan

447 1011 596 1077 defensio
609 1011 758 1078 adversus
773 1013 901 1100 Alogos
915 1014 994 1078 istos
1009 1026 1156 1098 suscepta
1169 1022 1237 1089 est;
1260 1033 1333 1075 nam
1353 1010 1482 1095 Hippo·

448 1096 511 1183 lyti
525 1096 642 1183 Cupito
654 1096 801 1164 adoerius
816 1099 927 1164 &ium
940 1099 982 1164 ab
999 1098 1116 1163 eodem
1135 1096 1321 1162 Hebediesu
1337 1115 1483 1160 comme·

447 1195 574 1266 morata
592 1182 658 1248 buc
677 1185 867 1271 pertinuisse
884 1186 1040 1250 affirmare
1061 1183 1172 1262 nolim,
1186 1182 1246 1248 etsi
1267 1182 1483 1268 suspicionem

448 1281 611 1345 moveant.

492 1354 528 1419 P.
539 1360 572 1417 6.
586 1354 609 1417 l·
621 1369 671 1419 20.
689 1355 774 1418 'nair
788 1358 813 1418 ii
826 1364 860 1425 εἷς
872 1358 1047 1436 imit-egit
1061 1356 1183 1439 npiznov]
1201 1352 1482 1440 cataphrygarum

447 1453 537 1504 secta
549 1439 675 1506 irs-duas
690 1457 796 1527 partes
811 1440 909 1505 divisa
922 1455 981 1506 est.
1004 1440 1132 1505 alterius
1155 1440 1300 1526 princeps
1321 1441 1382 1503 i'uit
1404 1440 1484 1503 Pro·

376 1530 379 1534 ’
448 1524 529 1603 clus,
551 1524 681 1591 alterius
704 1526 886 1605 AEscbines,
909 1541 946 1591 ut
969 1526 1080 1591 scribit
1101 1525 1315 1590 Tertullianus
1336 1526 1377 1588 de
1397 1547 1482 1611 prae*

447 1609 622 1697 scriptione
636 1610 860 1677 baereticorum
876 1613 907 1676 in
924 1612 995 1676 fine.
1021 1611 1088 1699 Qui
1105 1611 1253 1675 Procium
1268 1612 1483 1691 sectabantur,

447 1696 638 1761 dicebantur
656 1703 680 1762 ci
699 1704 775 1762 nara
795 1699 934 1784 Πρόκλον,
949 1711 1031 1762 toste
1045 1696 1165 1762 ibidem
1180 1697 1389 1763 Tertulliano.
1434 1697 1483 1760 Ex

470 1804 516 1847 uo
541 1797 675 1868 apparet
700 1786 851 1849 Graecum
882 1783 1046 1847 bominem
1075 1784 1184 1847 fuisse.
1232 1783 1370 1847 Accedit
1394 1781 1484 1869 quod

448 1804 553 1933 datus
570 1868 720 1933 adversus
740 1868 878 1935 eundem
901 1870 1048 1934 Proetum
1066 1870 1179 1932 Graece
1193 1869 1329 1956 scripsit.
1374 1871 1485 1956 Quare

448 1971 513 2017 non
537 1955 694 2019 assentior
717 1955 868 2033 Baronio‚
895 1956 951 2040 qui
976 1956 1063 2018 bunc
1087 1955 1235 2019 Proclum
1257 1954 1395 2019 eundem
1414 1975 1484 2018 esse

447 2039 609 2105 vulteum
623 2040 760 2105 Proculo
775 2041 859 2105 Afro
878 2041 994 2105 latino
1009 2040 1243 2120 Grammatico,
1257 2041 1308 2128 cuj
1314 2064 1349 2104 us
1367 2041 1483 2105 memi-

448 2124 498 2189 nit
514 2124 729 2212 Capitolinus.
774 2126 928 2190 Ceterum
951 2126 1081 2191 Procius
1102 2126 1302 2191 Montanista
1322 2127 1484 2212 insignem

445 2210 566 2275 librum
588 2212 757 2297 scripserat
778 2212 928 2276 adversus
946 2212 1199 2290 Valentinianos,
1217 2228 1255 2277 ut
1271 2213 1381 2277 scribit
1403 2214 1484 2276 Ter·
1576 2228 1589 2241 ·

447 2296 600 2396 tullianus
614 2296 647 2361 in
661 2298 745 2363 libro
758 2297 905 2363 adversus
920 2298 1139 2362 Valentinum.
1164 2300 1215 2361 Vn
1225 2319 1369 2397 unsrus
1414 2297 1484 2361 Cu·

445 2381 681 2533 uum?
697 2382 1293 2555 &strictissistitis.
1310 2468 1385 2532 M.

436 2551 522 2641 sola
558 2553 704 2619 Alteram
719 2554 838 2620 invenit
851 2553 1034 2633 lectionem,
1048 2578 1120 2641 quae
1134 2554 1249 2618 melior
1264 2569 1324 2632 est,
1338 2555 1371 2617 in
1386 2553 1485 2621 codd.

448 2640 514 2704 suis
529 2638 671 2725 Rrrfinas.
716 2642 748 2706 Is
767 2654 876 2705 tamen
890 2646 938 2704 τοῦ
952 2643 984 2704 δι’
997 2640 1120 2715 ἐναντίας
1140 2662 1199 2725 pro
1214 2648 1269 2704 τῶν
1282 2641 1314 2703 δι’
1329 2643 1352 2703 ἒ.
1367 2641 1486 2727 legisse

449 2725 585 2791 vitietur.
640 2727 692 2789 De
718 2726 768 2789 his
790 2748 868 2789 vero
896 2726 984 2791 novis
1012 2727 1072 2791 scri
1098 2727 1138 2790 tis
1163 2725 1276 2790 videsis
1304 2727 1486 2792 Fabricium

449 2835 489 2876 su
510 2834 546 2876 ra
564 2812 608 2878 ad
629 2813 763 2877 Hieron.
788 2813 839 2876 De
863 2811 949 2877 Viris
968 2810 1022 2876 Ill.
1047 2748 1096 2876 ad
1112 2832 1186 2897 pag.
1201 2826 1231 2876 3.
1250 2812 1303 2876 cui
1324 2813 1485 2878 consentit

448 2898 486 3048 'g
503 2898 674 3047 lenppntius
696 2899 797 2963 illem.
820 2898 909 2962 Eccl.
932 2912 1013 2964 tour.
1099 2900 1131 2962 in
1156 2899 1240 2962 Caio.
1262 2921 1338 2986 pag.
1359 2907 1408 2976 76.
1432 2899 1485 2965 ed.

477 3005 591 3049 ruxe.
1197 3022 1199 3027 ,

493 3069 566 3133 ibid
581 3069 666 3134 lto.
688 3070 816 3155 minate]
833 3070 989 3134 Eusebius
1010 3070 1116 3134 statim
1139 3081 1213 3155 post
1233 3069 1340 3135 addit:
1363 3071 1419 3134 ἐπεὶ
1436 3072 1484 3134 καὶ

447 3159 485 3230 iit
499 3156 573 3241 δεῦρο
588 3161 673 3240 παρὰ
690 3155 834 3238 Ῥωμαίοις
851 3157 934 3233 τισὶν,
949 3161 978 3219 οὐ
998 3156 1135 3238 νομίζεται(
1152 3163 1202 3219 rori
1220 3157 1345 3228 ἄποςᾶλε
1366 3157 1485 3243 τυγχά-

446 3266 527 3309 asu·
548 3241 616 3304 Ubi
637 3242 706 3305 baec
720 3240 878 3306 Valesius.
913 3242 1070 3306 Eusebius
1086 3264 1180 3326 supra
1195 3242 1227 3304 in
1241 3243 1297 3306 lib.
1310 3242 1354 3305 iii.
1370 3264 1442 3328 cap.
1452 3255 1484 3306 3.

448 3326 489 3390 dc
511 3326 603 3391 Pauli
623 3326 777 3412 Epistoiis
800 3325 967 3405 disserens,
991 3327 1038 3391 ait
1061 3327 1218 3412 quosdam
1242 3327 1420 3412 Epistolam
1442 3325 1486 3390 ad

449 3411 609 3476 Hebraeos
631 3426 667 3476 ut
688 3412 801 3476 falsam
824 3411 980 3499 rejecisse,
995 3425 1207 3476 asseverantes
1230 3413 1408 3476 Romanam
1430 3430 1484 3476 ec·
1582 3430 1587 3437 ’

447 3497 578 3562 clesiam
604 3495 646 3564 de
669 3497 740 3584 ejus
767 3497 914 3582 epistolae·
936 3497 1127 3562 auctoritate
1155 3497 1313 3577 dubitare,
1337 3501 1485 3584 σρός.τῆς

446 3582 590 3666 Ῥωμαίων
603 3582 753 3660 iusticias
766 3586 802 3658 cic
814 3587 852 3664 μὴ
867 3583 973 3646 Παύλυ
988 3581 1059 3648 icat
1073 3587 1167 3662 αὐτὴν,
1177 3583 1365 3669 &milipedas
1377 3585 1483 3667 φῆσαν-

446 3695 503 3744 πς.
541 3667 676 3732 Rulinus
688 3669 720 3732 in
735 3683 873 3755 utroque
888 3669 1018 3733 Eusebii
1034 3669 1110 3736 loco
1123 3669 1254 3733 Latinos
1267 3672 1370 3734 vertit.
1399 3671 1484 3735 Hie-

447 3777 505 3819 ron
531 3776 604 3820 mus
630 3765 737 3817 tamen
760 3754 794 3818 in
818 3753 967 3840 catalogo
992 3755 1143 3818 Romanos
1165 3755 1400 3854 interpretatur,
1426 3756 1485 3821 ubi

446 3839 488 3904 de
505 3777 599 3904 dato.
635 3839 799 3904 Decimum
820 3850 978 3926 quartam,
1000 3839 1114 3926 inquit,
1137 3862 1210 3926 quoe
1220 3842 1333 3926 jectar·
1353 3842 1396 3904 od
1415 3842 1485 3905 He·

448 3925 557 4004 braeos,
571 3923 647 3988 dicit
662 3947 722 3988 nort
737 3926 802 4010 rjus
816 3947 888 3989 esse.
935 3925 1039 3989 Sedet
1055 3925 1139 4074 gpad
1152 3926 1304 3990 Romanos
1317 3947 1414 4012 atque
1428 3926 1483 3991 lto·

413 4060 417 4065 -
446 4011 499 4076 die
527 4011 619 4097 quasi
647 4009 743 4074 Poaii
771 4009 902 4095 apostoli
930 4033 991 4074 non
1019 4011 1060 4075 lto
1079 4022 1158 4075 etur.
1204 4014 1293 4076 Inter
1320 4014 1484 4078 Romanos

446 4097 621 4182 scriptores
642 4098 698 4182 qui
719 4097 765 4160 ita
785 4111 988 4174 censuemnt,
1010 4097 1170 4161 numerari
1190 4110 1298 4184 potest
1319 4099 1484 4186 Hippoly-

445 4198 500 4247 tus
530 4182 713 4246 Portuensis
739 4181 919 4268 episcopus.
962 4182 1029 4246 Hic
1055 4183 1140 4248 enim
1166 4182 1199 4247 in
1226 4184 1308 4248 libro
1334 4186 1484 4249 adversus

445 4268 597 4345 haereses,
613 4266 788 4352 Epistolam
812 4269 853 4331 ad
875 4268 1035 4332 Hebraeos
1058 4268 1147 4331 Pauli
1168 4270 1306 4354 apostoli
1328 4293 1393 4334 non
1414 4293 1485 4336 esse

446 4352 627 4430 affirmavit,
656 4367 737 4438 teste
767 4353 882 4417 Photio
911 4355 944 4416 in
971 4353 1169 4418 bibliotheca
1198 4375 1270 4440 cap.
1298 4370 1364 4419 121.
1401 4358 1484 4421 Haec

423 4441 657 4503 'Vanssrus
707 4438 761 4502 Ad
783 4441 1010 4526 Fragmentum
1033 4441 1091 4504 Dn
1115 4439 1278 4504 Csnonn
1299 4441 1486 4504 Scnrnru-

450 4543 522 4602 um,
537 4522 699 4591 admoneo
720 4524 785 4588 lieri
807 4547 912 4611 posse,
926 4539 964 4591 ut
985 4525 1196 4613 Hippolytus,
1211 4539 1309 4611 prout
1322 4525 1399 4588 olim
1413 4548 1484 4590 ma-

472 4610 549 4673 ‘ster
568 4609 640 4696 ejus
663 4610 814 4689 Irenaeus,
834 4611 954 4676 hancce
972 4611 1141 4695 epistolam
1160 4610 1187 4675 si
1207 4611 1312 4674 minus
1331 4622 1485 4696 tanquam

473 4694 628 4774 culinam,
641 4709 676 4760 at
689 4696 776 4769 inter
791 4696 891 4767 libros
911 4718 1018 4780 sacros
1034 4697 1199 4782 receperit.
1243 4695 1408 4760 Caeterum
1425 4696 1485 4761 etsi
1546 4749 1548 4753 .

492 4800 581 4847 voc.
600 4801 644 4845 11.
739 4793 756 4825 -0
951 4788 996 4844 'c
