4092 5675
535 749 582 817 44
726 726 730 735 ·
782 831 784 835 Ι
875 728 1239 801 Annornrronas

537 926 597 971 nus
612 904 676 971 hoc
691 901 844 990 temporis
858 904 1023 974 intervallo
1042 904 1083 969 ad
1105 904 1319 991 episcopalem
1335 903 1445 969 sedem
1458 904 1578 970 Ascle·

536 992 646 1077 piades
660 1006 787 1055 evectus
802 990 854 1070 sit,
869 1007 903 1056 et
916 992 957 1055 ad
972 990 1195 1056 Antiochenos
1208 989 1369 1077 scripserit
1383 991 1577 1060 Alexander.

537 1078 701 1141 Caeterum
718 1076 751 1140 in
767 1077 851 1141 notis
865 1078 907 1141 ad
922 1090 1021 1164 caput
1036 1078 1099 1141 hoc
1113 1077 1156 1140 xi.
1172 1075 1361 1140 Eusebianoe
1375 1076 1465 1140 Hist.
1475 1075 1577 1142 Vale·

528 1151 614 1240 'sius‚
639 1185 674 1227 se
696 1162 849 1249 reperisse
870 1164 915 1228 ait
938 1165 969 1227 in
991 1164 1049 1228 lib.
1065 1186 1093 1226 v.
1119 1162 1187 1242 (lib.
1210 1162 1249 1227 iv.
1271 1162 1313 1226 ad
1358 1164 1464 1243 ‚295.)
1488 1162 1577 1227 Jnris

539 1247 812 1328 eruco-Romani,
841 1249 897 1312 ubi
925 1251 1035 1335 agitur
1061 1248 1099 1312 de
1126 1184 1392 1325 translationilln,
1418 1248 1576 1313 Flaviadis

537 1332 753 1420 Cappadociae
779 1334 867 1399 urbis
894 1335 1082 1421 episcopum
1109 1332 1329 1397 Alexandrum
1356 1332 1465 1397 fuisse.
1509 1330 1577 1399 Sed

533 1441 609 1484 vero
624 1419 750 1519 dubitat
764 1420 805 1484 cl.
820 1420 1058 1507 Wesselingius
1072 1418 1229 1483 Probalil.
1246 1440 1317 1517 cap.
1329 1418 1443 1505 xiiisp.
1460 1425 1526 1483 106.
1542 1433 1577 1485 et

532 1504 659 1671 1311
673 1505 926 1677 altstat?
945 1503 1577 1677 ¹attalalllllalllltdtl}

533 1676 681 1742 Flaviade
701 1676 735 1741 in
750 1678 828 1741 Jnre
849 1677 1067 1741 C-raeeo-Rom.
1087 1677 1165 1741 urbs
1184 1697 1223 1740 ea
1241 1674 1459 1762 Cappadociae
1474 1675 1575 1741 fuisse

448 1821 450 1824 .
532 1762 661 1827 dicitur.

577 1850 611 1910 P.
623 1863 674 1925 39.
691 1846 713 1910 l.
730 1863 777 1910 11.
799 1846 964 1933 πυθομένῳ]
994 1846 1225 1934 Βερεῐιοοιῐμοι
1250 1859 1327 1933 post
1351 1846 1414 1911 hoc
1439 1848 1574 1914 verbum

532 1932 635 1997 MSS.
651 1932 743 1996 Bodl.
760 1946 794 1998 et
810 1932 951 2019 Norfolc.

548 2086 550 2094 s
576 2018 660 2082 lbid.
676 2019 698 2081 l.
715 2033 761 2082 13.
784 2022 831 2095 τὴν
846 2020 941 2103 olor]
961 2017 1093 2083 Rectius
1113 2017 1317 2103 Nicephorus
1339 2020 1401 2081 κατ’
1420 2016 1503 2097 ἇξιάν
1525 2024 1573 2095 τῆς

531 2104 651 2182 σι’ςεοις,
675 2108 723 2182 τὴν
748 2108 894 2183 ἐπισκοπὴν
917 2102 1167 2191 ἐγκεχειρισμένα.
1203 2102 1302 2202 Quod
1329 2103 1393 2167 sive
1417 2126 1457 2167 ex
1478 2103 1573 2182 libre,

530 2190 595 2255 sive
617 2212 656 2254 ex
677 2190 862 2276 conjectura
883 2190 1089 2276 Nicephorus
1111 2188 1257 2268 edident,
1279 2190 1411 2252 omnino
1432 2189 1572 2275 probum

530 2275 667 2341 videtur.
688 2277 896 2340 Varamos.
929 2275 1074 2341 Strothio
1089 2296 1220 2362 quoque
1234 2287 1320 2338 recte
1335 2275 1490 2359 probatur
1505 2275 1571 2339 lec-

530 2362 579 2427 tio
590 2361 781 2447 Nicephori.
812 2361 976 2426 Caeterum
991 2362 1052 2425 etsi
1065 2362 1180 2426 referat
1195 2362 1336 2424 Zonaras
1348 2361 1381 2424 in
1393 2359 1573 2425 Annalibus

530 2447 588 2513 lib.
600 2448 654 2512 xii.
670 2470 739 2547 cap.
755 2463 802 2510 11.
818 2447 985 2512 tradidisse
1007 2446 1195 2525 Eusebium,
1209 2467 1308 2533 opera
1332 2445 1458 2532 aliquot
1478 2446 1573 2511 istius

530 2533 732 2618 Asclepiadrs
747 2548 868 2597 servata
882 2532 992 2611 tuisse,
1008 2534 1064 2596 ubi
1083 2532 1116 2596 id
1136 2533 1247 2596 fecerit
1266 2532 1437 2596 historicus
1452 2546 1572 2613 noster,

530 2618 626 2704 plane
648 2619 782 2703 ignor03
805 2620 856 2679 Ἐν
881 2618 908 2679 δὲ
931 2615 1100 2701 Ἀντιοχέων
1121 2616 1270 2702 ἐκκλησίᾳ,
1291 2617 1397 2703 inquit
1417 2619 1572 2697 Zonaras,

529 2703 711 2792 Σαραπίωνος
725 2700 968 2783 ἀναπαυσαμένου,
981 2703 1189 2780 Ἀσκληπιάδης
1204 2706 1251 2779 τὴν
1265 2707 1413 2780 ἐπισκοπὴν
1426 2703 1570 2789 παρειλή-

530 2807 583 2873 φει,
599 2789 628 2853 οὗ
643 2789 665 2876 ’l
681 2788 866 2871 ὑπόμνηματα
879 2788 1008 2871 negabor
1022 2789 1103 2870 φησὶν.
1115 2793 1129 2851 ὁ
1143 2785 1287 2863 Elateia.
1325 2787 1389 2852 Sed
1404 2788 1569 2855 relativum

530 2876 561 2939 οὗ
574 2876 616 2940 ad
633 2876 773 2961 priorem
794 2874 983 2960 episcopum
1006 2887 1151 2961 spectare
1171 2873 1308 2939 suadent
1324 2875 1457 2939 Eusebii
1476 2877 1571 2941 verba

530 2960 563 3028 in
578 2983 672 3046 capp.
688 2976 735 3023 11.
751 2974 785 3024 et
803 2974 849 3023 12.
863 2959 920 3023 lib.
933 2959 973 3024 vi.

572 3047 657 3112 lbid.
672 3046 696 3111 l.
708 3061 758 3110 23.
780 3051 880 3108 Ταῦτα
899 3047 927 3123 δὲ
947 3048 1008 3125 ὑμῖν
1026 3045 1098 3130 &c.]
1116 3047 1205 3108 lnter
1225 3043 1297 3109 haec
1315 3057 1413 3132 atque
1427 3047 1569 3132 priorem

526 3137 603 3220 ῥῆσιν
618 3132 714 3218 hujus
728 3130 873 3218 epistolae
886 3131 1079 3216 interposuit
1093 3131 1197 3209 verba,
1210 3153 1283 3217 quae
1297 3147 1486 3218 sequuntur,
1501 3135 1570 3197 Eu-

529 3218 637 3284 sebius
650 3243 659 3296 ;
681 3218 792 3296 Ταύτην
807 3219 834 3281 δὲ
848 3222 896 3294 τὴν
910 3221 1035 3294 ints-aalys
1050 3216 1174 3300 σημαίνει
1193 3218 1237 3279 διὰ
1258 3217 1420 3298 Κλήμεντος
1437 3224 1569 3291 ἁπεςαλ-

529 3305 614 3386 κέναι,
628 3305 703 3393 πρὸς
716 3311 756 3390 τῷ
769 3303 842 3367 τέλει
856 3309 939 3366 siros
961 3304 1075 3390 γράφων
1094 3305 1140 3366 τὸν
1159 3301 1268 3390 τρόπον·
1298 3308 1435 3366 Tarra
1456 3305 1483 3367 δὲ
1505 3309 1570 3387 ὑμῖν

531 3391 591 3455 &c
618 3391 712 3455 Hanc
724 3400 827 3454 autem
840 3387 1002 3474 epistolam
1017 3387 1168 3452 Clementi
1179 3411 1211 3452 se
1222 3387 1438 3474 perferendam
1450 3387 1571 3456 dedisse

528 3475 687 3564 significat
702 3474 865 3560 sulstnem
881 3475 926 3538 ito
941 3473 1096 3538 scribens.-
1125 3473 1270 3538 PORRO
1283 3474 1340 3538 has
1355 3474 1464 3539 literas
1480 3475 1541 3540 bec.

571 3561 655 3624 lbid.
679 3560 701 3624 l.
716 3574 765 3625 24.
793 3565 837 3623 διὰ
861 3561 1022 3641 Κλήμεντος
1045 3565 1094 3622 τοῦ
1118 3558 1258 3644 μακαρίον
1281 3558 1488 3647 πρεσὲοσέμον]
1512 3563 1569 3626 De

468 3674 469 3678 ¹
528 3645 701 3712 Clemente
713 3645 930 3709 Alexandrino
944 3644 996 3707 hic
1011 3639 1101 3754 lotpui
1113 3642 1332 3708 Alexandrum
1369 3646 1470 3710 utavit
1484 3648 1567 3711 Hie-

526 3755 682 3820 ronymus
696 3732 729 3796 in
744 3730 905 3816 catalogo.
936 3729 1034 3792 Certe
1049 3729 1200 3793 Clemens
1214 3667 1449 3796 Alexandrinus
1462 3754 1568 3819 usque

429 3873 431 3877 ,
526 3817 569 3884 ad
593 3818 700 3882 Severi
725 3829 872 3901 tempora
894 3816 989 3879 vitam
1013 3814 1176 3899 produxit,
1189 3829 1229 3886 et
1249 3815 1283 3879 in
1305 3814 1355 3879 his
1377 3817 1566 3902 regionibus

526 3904 749 3991 peregrinatus
764 3914 824 3978 est,
837 3916 874 3966 ut
888 3902 1026 4001 ipsemet
1041 3914 1176 3964 testatur
1190 3901 1222 3963 in
1238 3900 1322 3966 libro
1337 3902 1364 3965 Ι.
1380 3903 1565 3967 Stromatei.

528 3988 592 4054 Sed
614 4003 648 4053 et
666 3987 839 4053 Alexandri
861 3987 1004 4073 episcopi
1021 3986 1185 4050 familiaris
1205 3985 1268 4050 fuit
1278 4011 1289 4068 3
1315 3986 1390 4071 (vid.
1406 4009 1483 4074 pag.
1497 3992 1563 4072 41.)

525 4076 580 4140 cui
601 4074 698 4138 etiam
720 4074 838 4138 librum
861 4072 977 4137 dicavit
999 4071 1040 4137 de
1060 4072 1274 4157 ecclesiastica
1292 4073 1418 4160 regula,
1433 4097 1491 4137 seu
1506 4074 1566 4139 ad·

477 4216 486 4227 ,,
524 4181 633 4226 versus
653 4159 798 4236 Judaeos,
819 4172 856 4223 ut
878 4158 987 4223 scribit
1011 4159 1167 4222 Eusebius
1188 4156 1271 4221 infra
1290 4180 1361 4244 cap.
1380 4173 1426 4223 13.
1464 4161 1566 4224 Paulo

498 4277 500 4281 ⁴
525 4259 601 4335 post
624 4245 725 4309 nostri
748 4245 875 4308 codices
900 4245 989 4308 Maz.
1005 4242 1097 4308 Med.
1113 4258 1147 4307 et
1165 4243 1248 4307 Fuk.
1268 4244 1423 4330 scriptum
1444 4243 1566 4310 habent

524 4337 574 4410 τὴν
584 4335 621 4396 τῦ
633 4331 724 4416 Kopls
737 4329 899 4408 ἐκκλησίαν,
912 4330 995 4423 sicpt
1009 4330 1088 4415 legit
1100 4329 1196 4393 etiam
1210 4329 1442 4416 Hieronymus.
1460 4333 1501 4413 (c.
1513 4344 1564 4394 38.
1593 4407 1594 4410 η

526 4418 569 4483 de
586 4416 684 4481 Clam.
695 4416 765 4497 Al.)
794 4417 1005 4482 Vanasrus.
1052 4416 1090 4478 ln
1111 4414 1184 4478 loco
1205 4413 1324 4479 celebri
1342 4415 1416 4479 libri
1428 4415 1455 4478 I.
1475 4416 1568 4478 Stro-

524 4514 647 4569 mntum
662 4502 765 4566 innuit
781 4501 944 4579 Clemens,
957 4523 990 4564 se
1004 4501 1087 4586 apud
1102 4500 1269 4565 Orientem
1283 4514 1440 4565 versatum
1456 4500 1565 4580 fuisse,

549 4587 616 4654 uod
636 4590 697 4653 etsi
719 4587 760 4652 ad
782 4586 990 4651 Antiochiam
1014 4586 1118 4673 magis
1136 4608 1233 4672 quam
1251 4585 1292 4651 ad
1313 4585 1566 4672 Cappadociam,

481 4736 485 4742 .
524 4612 693 4754 dioceseos
717 4673 960 4773 quaelPonticae
984 4673 1059 4756 fuit,
1082 4673 1233 4760 pertinet,
1257 4671 1434 4740 Clementis
1448 4663 1573 4737 'tamen
