4092 5675
720 1039 1374 1194 ANNOTATIONUESU·

1002 1298 1046 1345 IN

602 1455 1457 1552 s.GREc0R11NuocAEsAR1ENsts
1507 1482 1513 1490 “

734 1673 994 1741 nusromru
1017 1674 1322 1744 cauomcru.

892 1898 1167 1942 ...φ-...-

1272 2032 1279 2041 ’
1525 2041 1532 2069 r

552 2081 588 2147 P.
601 2092 673 2157 437.
696 2080 719 2146 l.
733 2096 765 2147 ⁵.
797 2083 935 2160 Ἐαιςολὴ
957 2083 1095 2159 Κανονιιῆ
1116 2083 1167 2146 τοῦ
1186 2079 1272 2167 aiyr'ro
1291 2078 1461 2170 Pmipr'w]
1482 2079 1545 2158 Hic

508 2168 687 2255 Gregorius
710 2169 883 2254 episcopus
905 2167 1189 2246 Neocaesariensir,
1211 2167 1256 2231 ob
1277 2165 1385 2231 multa
1405 2189 1480 2255 qna
1498 2166 1543 2233 te·

505 2254 551 2318 cit
567 2253 721 2319 miracula
735 2256 962 2341 Gaupuroupyis
976 2252 1095 2332 dictus,
1108 2252 1285 2339 discipulus
1304 2253 1369 2318 fuit
1388 2252 1544 2340 Origenil,

505 2353 543 2403 ut
558 2340 716 2405 Eusebius
732 2352 765 2405 et
780 2341 928 2405 Socrates
943 2338 1153 2403 tradiderunt.
1186 2340 1264 2427 Qun
1278 2350 1391 2405 eutem
1404 2351 1544 2427 tempore

507 2425 612 2489 Gothi
635 2440 669 2490 et
687 2425 818 2505 Boradi,
833 2447 972 2512 quorum
991 2425 1061 2511 ipse
1080 2445 1203 2489 canone
1221 2424 1336 2512 quinto
1349 2422 1544 2490 mentionem

504 2510 595 2594 fecit,
611 2511 692 2576 inter
711 2511 789 2576 alias
810 2510 898 2577 Asiae
917 2509 1107 2595 provincias,
1122 2510 1262 2574 Pontum
1279 2531 1414 2610 quoque
1427 2510 1544 2575 invase·

505 2612 594 2675 runt,
609 2598 734 2683 istaque
748 2598 958 2662 barbarorum
972 2596 1113 2661 incursio
1125 2594 1323 2681 gravisdmrs
1337 2595 1424 2661 inter
1437 2595 1544 2662 Chris⁴

503 2682 611 2747 tianos
631 2683 848 2768 perpetrandis
869 2681 994 2746 delictis
1014 2681 1217 2747 occasionem
1237 2681 1391 2769 praebuit,
1404 2682 1433 2747 ir
1446 2681 1543 2748 eecle-

504 2768 561 2831 siae
576 2768 830 2833 Neocaesarierrsi
845 2768 1015 2858 praefectus
1031 2768 1074 2833 ad
1090 2788 1203 2833 eorum
1217 2767 1455 2833 correctionem
1467 2766 1544 2833 hunc

504 2854 696 2918 canonicam
714 2855 884 2940 epistolam
904 2855 1031 2918 conseri
1055 2853 1108 2934 sit,
1121 2866 1156 2919 et
1173 2853 1216 2919 ad
1236 2854 1349 2941 episco
1448 2875 1544 2942 quen·

505 2938 581 3003 dam
605 2941 710 3017 misit3
734 2954 772 3004 ut
796 2962 835 3004 ex
856 2940 926 3024 ipso
947 2877 1081 3004 exordio
1103 2951 1241 3018 constat,
1259 2961 1327 3027 quo
1372 2939 1442 3020 cit,
1461 2944 1491 3004 ot
1509 2942 1543 3004 rii

504 3025 646 3109 βρώματα
666 3030 737 3108 ἡμᾶς
757 3024 886 3111 ἱερώτατε
912 3027 988 3112 (ispi)
1012 3026 1138 3090 Πάπα.
1173 3025 1328 3112 Episcopi
1345 3025 1436 3090 enim
1448 3028 1543 3112 Papoe

503 3123 583 3176 tunc
613 3112 737 3176 dierum
767 3113 865 3198 vulgo
900 3111 1087 3176 audiebant.
1121 3112 1392 3176 annnnoros.
1449 3111 1542 3177 Anno

506 3197 629 3262 Christi
658 3219 821 3263 ccnvm.
849 3197 968 3284 scripta
992 3198 1091 3261 fuisse
1114 3196 1241 3261 videtur
1264 3196 1415 3283 epistola.
1450 3197 1542 3262 'lille-

503 3298 607 3348 mont.
624 3285 724 3347 Mem.
741 3297 820 3348 tom.
835 3284 875 3347 iv.
889 3304 965 3370 pag.
977 3298 1047 3362 339.
1089 3284 1201 3370 Quum
1216 3283 1326 3370 itaque
1342 3281 1541 3347 Christiano·

473 3416 476 3421 -
502 3393 574 3435 rum
589 3371 771 3453 complures
785 3370 842 3456 qui
857 3392 895 3432 ex
910 3369 971 3432 hac
985 3369 1195 3433 barbarorum
1212 3366 1398 3433 incursione
1417 3368 1451 3433 in
1471 3389 1541 3454 cap·

502 3456 659 3520 tivitatem
677 3456 865 3533 inciderant,
881 3455 985 3518 multa
1005 3471 1039 3518 et
1059 3454 1169 3540 gravia
1187 3469 1388 3540 peccassent,
1404 3453 1466 3518 hos
1481 3452 1540 3518 Ca·

503 3563 604 3606 nones
619 3543 756 3605 exaravit
770 3554 899 3604 sanctus
919 3540 1037 3625 praesul
1051 3539 1335 3618 Neocaesariensis‚
1349 3561 1419 3625 quo
1433 3559 1539 3605 eorum

502 3627 599 3691 saluti
624 3629 728 3690 bonus
751 3641 861 3712 pastor
882 3627 1102 3710 prospiceret:
1135 3625 1176 3689 de
1199 3625 1319 3712 quibus
1338 3623 1373 3688 in
1397 3623 1539 3691 Concilio

502 3713 694 3798 Quinisexto
714 3713 783 3776 haec
801 3712 925 3775 sanctio
939 3710 1037 3775 edita.
1076 3710 1157 3774 Can.
1174 3711 1220 3774 ΙΙ.
1242 3709 1453 3797 obsignantur
1470 3707 1538 3774 reli·

503 3820 578 3887 quos
592 3822 693 3862 omnes
707 3820 845 3876 conones,
860 3796 914 3884 qui
934 3819 954 3860 a
974 3796 1135 3860 sanctire!
1151 3795 1248 3860 bearis
1266 3795 1381 3860 nostris
1394 3794 1539 3860 Patribus

501 3884 634 3968 eapositi
649 3895 732 3962 sunt,
749 3884 782 3946 id
799 3882 1037 3968 est—Gregorii
1054 3883 1269 3946 choesoreoe
1287 3880 1423 3966 episcopi
1439 3880 1538 3946 Thuc-

500 3970 651 4056 moturgi,
670 3971 728 4032 &c
753 3971 1010 4032 Grunaumus
1027 3973 1060 4031 in
1077 3966 1330 4053 Prolegomenis.
1368 3968 1469 4032 Hanc
1481 3986 1539 4066 ego

500 4055 681 4138 epistolam,
705 4057 821 4118 Graeca
841 4054 950 4118 omnia
967 4054 1138 4140 colligens,
1158 4076 1232 4139 quae
1255 4051 1298 4116 ad
1320 4073 1389 4116 rem
1409 4074 1539 4118 canom-

500 4161 571 4202 canr
596 4141 910 4203 Ante-Nicaeuorum
934 4140 1107 4225 pertinent,
1129 4150 1262 4224 propter
1282 4137 1448 4222 publicam
1473 4137 1539 4225 ejus

499 4225 724 4290 auctoritatem
749 4225 915 4310 separatim
942 4226 983 4288 ab
1005 4226 1075 4289 aliis
1098 4224 1250 4310 Gregorii
1269 4224 1424 4309 operibus
1445 4223 1539 4289 eden-

500 4311 574 4375 dam
592 4311 709 4374 curari.
752 4312 873 4374 Eadem
893 4311 995 4374 sancti
1015 4312 1114 4396 patris
1135 4309 1271 4395 epistola
1287 4332 1364 4374 cum
1383 4330 1539 4374 consensu

498 4398 635 4461 aliorum
659 4397 896 4482 episcoporum,
919 4412 975 4461 aut
997 4398 1110 4460 saltem
1132 4396 1209 4459 cleri
1231 4395 1292 4472 sui,
1307 4395 1389 4458 mihi
1410 4396 1539 4482 quidem

498 4485 618 4566 scripta
641 4483 737 4546 fuisse
761 4484 894 4560 videtur,
910 4507 973 4547 non
997 4507 1057 4547 suo
1080 4495 1219 4558 tantum,
1241 4480 1298 4544 sed
1319 4504 1466 4560 suorum,
1483 4501 1539 4544 uo-

449 4599 455 4607 ·
498 4569 586 4633 mine
609 4570 747 4644 dietata3
770 4568 857 4654 quod
880 4569 1009 4655 quidem
1034 4592 1074 4632 ex
1095 4592 1156 4632 usu
1181 4567 1390 4653 frequentiori
1416 4565 1537 4630 numeri

497 4655 628 4743 pluralis
650 4657 811 4742 praecipue
833 4655 867 4720 in
890 4655 1067 4721 canonibus
1089 4655 1203 4744 quinto
1223 4667 1257 4719 et
1278 4666 1369 4718 sexto
1387 4656 1518 4741 apparet
1525 4674 1536 4731 3
