<?xml version="1.0" encoding="UTF-8"?>
<!DOCTYPE html PUBLIC "-//W3C//DTD XHTML 1.0 Transitional//EN"
    "http://www.w3.org/TR/xhtml1/DTD/xhtml1-transitional.dtd">
<html xmlns="http://www.w3.org/1999/xhtml" xml:lang="en" lang="en">
 <head>
  <title>
</title>
<meta http-equiv="Content-Type" content="text/html;charset=utf-8" />
  <meta name='ocr-system' content='tesseract 3.04.00' />
  <meta name='ocr-capabilities' content='ocr_page ocr_carea ocr_par ocr_line ocrx_word'/>
</head>
<body>
  <div class='ocr_page' id='page_1' title='image "./reliquiaesacrae09routgoog_0299.png"; bbox 0 0 4092 5675; ppageno 0'>
   <div class='ocr_carea' id='block_1_1' title="bbox 728 725 1532 855">
    <p class='ocr_par' dir='ltr' id='par_1_1' title="bbox 728 725 1532 855">
     <span class='ocr_line' id='line_1_1' title="bbox 728 725 1532 855; baseline 0.002 -27"><span class='ocrx_word' id='word_1_1' title='bbox 728 725 788 831; x_wconf 75' lang='grc' dir='ltr'>111Ι</span> <span class='ocrx_word' id='word_1_2' title='bbox 800 758 1022 831; x_wconf 70' lang='lat' dir='ltr'>araretur</span> <span class='ocrx_word' id='word_1_3' title='bbox 1046 756 1302 846; x_wconf 76' lang='grc'><strong>1111011101.</strong></span> <span class='ocrx_word' id='word_1_4' title='bbox 1462 779 1532 855; x_wconf 65' lang='grc'>199</span> 
     </span>
    </p>
   </div>
   <div class='ocr_carea' id='block_1_2' title="bbox 493 929 1543 2396">
    <p class='ocr_par' dir='ltr' id='par_1_2' title="bbox 493 929 1543 2396">
     <span class='ocr_line' id='line_1_2' title="bbox 497 929 1533 1023; baseline -0.002 -19"><span class='ocrx_word' id='word_1_5' title='bbox 497 932 566 1005; x_wconf 74' lang='lat' dir='ltr'>ssd</span> <span class='ocrx_word' id='word_1_6' title='bbox 576 933 739 1023; x_wconf 63' lang='lat' dir='ltr'>symoni</span> <span class='ocrx_word' id='word_1_7' title='bbox 749 953 837 1000; x_wconf 78' lang='lat' dir='ltr'>error</span> <span class='ocrx_word' id='word_1_8' title='bbox 857 934 932 1000; x_wconf 90' lang='lat' dir='ltr'>inde</span> <span class='ocrx_word' id='word_1_9' title='bbox 950 948 1041 1001; x_wconf 85' lang='lat' dir='ltr'>ortm</span> <span class='ocrx_word' id='word_1_10' title='bbox 1057 957 1127 1002; x_wconf 86' lang='lat' dir='ltr'>esse</span> <span class='ocrx_word' id='word_1_11' title='bbox 1140 934 1276 1015; x_wconf 81' lang='lat' dir='ltr'>ridetur,</span> <span class='ocrx_word' id='word_1_12' title='bbox 1290 932 1379 1023; x_wconf 86' lang='lat' dir='ltr'>quod</span> <span class='ocrx_word' id='word_1_13' title='bbox 1394 929 1533 1022; x_wconf 83' lang='lat' dir='ltr'>quadra-</span> 
     </span>
     <span class='ocr_line' id='line_1_3' title="bbox 525 1019 1534 1110; baseline 0.002 -24"><span class='ocrx_word' id='word_1_14' title='bbox 525 1021 534 1038; x_wconf 88' lang='lat'>&#39;</span> <span class='ocrx_word' id='word_1_15' title='bbox 558 1034 593 1086; x_wconf 88' lang='lat' dir='ltr'>ta</span> <span class='ocrx_word' id='word_1_16' title='bbox 614 1034 647 1085; x_wconf 86' lang='lat' dir='ltr'>st</span> <span class='ocrx_word' id='word_1_17' title='bbox 669 1019 751 1086; x_wconf 91' lang='lat' dir='ltr'>duos</span> <span class='ocrx_word' id='word_1_18' title='bbox 772 1034 846 1108; x_wconf 87' lang='lat' dir='ltr'>post</span> <span class='ocrx_word' id='word_1_19' title='bbox 866 1043 966 1086; x_wconf 87' lang='lat' dir='ltr'>annos</span> <span class='ocrx_word' id='word_1_20' title='bbox 988 1022 1178 1087; x_wconf 90' lang='lat' dir='ltr'>collocasset</span> <span class='ocrx_word' id='word_1_21' title='bbox 1194 1022 1349 1087; x_wconf 82' lang='lat' dir='ltr'>diluvium</span> <span class='ocrx_word' id='word_1_22' title='bbox 1364 1021 1534 1110; x_wconf 83' lang='lat' dir='ltr'>Ogygiam</span> 
     </span>
     <span class='ocr_line' id='line_1_4' title="bbox 589 1104 1534 1205; baseline 0.002 -35"><span class='ocrx_word' id='word_1_23' title='bbox 589 1106 673 1185; x_wconf 86' lang='lat' dir='ltr'>bins,</span> <span class='ocrx_word' id='word_1_24' title='bbox 695 1104 758 1205; x_wconf 70' lang='lat' dir='ltr'>hoe</span> <span class='ocrx_word' id='word_1_25' title='bbox 782 1106 896 1172; x_wconf 82' lang='lat' dir='ltr'>estad</span> <span class='ocrx_word' id='word_1_26' title='bbox 923 1129 1091 1172; x_wconf 89' lang='lat' dir='ltr'>numerum</span> <span class='ocrx_word' id='word_1_27' title='bbox 1117 1127 1263 1189; x_wconf 80' lang='lat' dir='ltr'>ccaxu,</span> <span class='ocrx_word' id='word_1_28' title='bbox 1289 1108 1354 1173; x_wconf 86' lang='lat' dir='ltr'>aive</span> <span class='ocrx_word' id='word_1_29' title='bbox 1376 1107 1534 1172; x_wconf 79' lang='lat' dir='ltr'>Phoronei</span> 
     </span>
     <span class='ocr_line' id='line_1_5' title="bbox 493 1192 1534 1366; baseline -0.001 -23"><span class='ocrx_word' id='word_1_30' title='bbox 493 1192 1012 1366; x_wconf 31' lang='lat' dir='ltr'>anpupmpepullgmpppkfflw]</span> <span class='ocrx_word' id='word_1_31' title='bbox 1038 1277 1197 1358; x_wconf 85' lang='lat' dir='ltr'>Redierat,</span> <span class='ocrx_word' id='word_1_32' title='bbox 1218 1291 1256 1344; x_wconf 92' lang='lat' dir='ltr'>ut</span> <span class='ocrx_word' id='word_1_33' title='bbox 1277 1277 1353 1359; x_wconf 85' lang='lat' dir='ltr'>dixi,</span> <span class='ocrx_word' id='word_1_34' title='bbox 1374 1227 1534 1343; x_wconf 72' lang='lat' dir='ltr'>Eusebiui</span> 
     </span>
     <span class='ocr_line' id='line_1_6' title="bbox 500 1362 1536 1451; baseline -0.003 -20"><span class='ocrx_word' id='word_1_35' title='bbox 500 1385 578 1432; x_wconf 77' lang='lat' dir='ltr'>eum</span> <span class='ocrx_word' id='word_1_36' title='bbox 592 1362 696 1428; x_wconf 82' lang='lat' dir='ltr'>verbis</span> <span class='ocrx_word' id='word_1_37' title='bbox 712 1363 770 1426; x_wconf 76' lang='lat' dir='ltr'>Kal</span> <span class='ocrx_word' id='word_1_38' title='bbox 784 1369 911 1426; x_wconf 69' lang='grc' dir='ltr'>τοσαῦτα</span> <span class='ocrx_word' id='word_1_39' title='bbox 929 1367 979 1445; x_wconf 74' lang='grc' dir='ltr'>μὲν</span> <span class='ocrx_word' id='word_1_40' title='bbox 1000 1366 1058 1449; x_wconf 71' lang='lat' dir='ltr'>apl</span> <span class='ocrx_word' id='word_1_41' title='bbox 1076 1363 1218 1448; x_wconf 71' lang='grc' dir='ltr'>Ὠγύγου,</span> <span class='ocrx_word' id='word_1_42' title='bbox 1232 1386 1328 1451; x_wconf 88' lang='lat' dir='ltr'>supra</span> <span class='ocrx_word' id='word_1_43' title='bbox 1342 1364 1383 1429; x_wconf 89' lang='lat' dir='ltr'>ad</span> <span class='ocrx_word' id='word_1_44' title='bbox 1397 1364 1421 1429; x_wconf 92' lang='lat' dir='ltr'>l.</span> <span class='ocrx_word' id='word_1_45' title='bbox 1431 1382 1462 1442; x_wconf 83' lang='lat'>9.</span> <span class='ocrx_word' id='word_1_46' title='bbox 1477 1362 1536 1428; x_wconf 86' lang='lat' dir='ltr'>sed</span> 
     </span>
     <span class='ocr_line' id='line_1_7' title="bbox 496 1447 1536 1536; baseline -0.002 -22"><span class='ocrx_word' id='word_1_47' title='bbox 496 1447 655 1514; x_wconf 82' lang='lat' dir='ltr'>hocloco</span> <span class='ocrx_word' id='word_1_48' title='bbox 670 1447 805 1513; x_wconf 83' lang='lat' dir='ltr'>vicissim</span> <span class='ocrx_word' id='word_1_49' title='bbox 820 1470 880 1514; x_wconf 76' lang='lat' dir='ltr'>nos</span> <span class='ocrx_word' id='word_1_50' title='bbox 895 1448 1010 1513; x_wconf 87' lang='lat' dir='ltr'>deserit</span> <span class='ocrx_word' id='word_1_51' title='bbox 1026 1450 1194 1536; x_wconf 86' lang='lat' dir='ltr'>Syncellus</span> <span class='ocrx_word' id='word_1_52' title='bbox 1208 1448 1366 1536; x_wconf 81' lang='lat' dir='ltr'>posthaec</span> <span class='ocrx_word' id='word_1_53' title='bbox 1380 1450 1476 1514; x_wconf 86' lang='lat' dir='ltr'>verba</span> <span class='ocrx_word' id='word_1_54' title='bbox 1487 1450 1536 1512; x_wconf 74' lang='lat' dir='ltr'>r&#39;re&#39;</span> 
     </span>
     <span class='ocr_line' id='line_1_8' title="bbox 500 1532 1529 1622; baseline -0.001 -22"><span class='ocrx_word' id='word_1_55' title='bbox 500 1536 641 1620; x_wconf 64' lang='lat' dir='ltr'>Alpinius</span> <span class='ocrx_word' id='word_1_56' title='bbox 657 1556 758 1621; x_wconf 81' lang='lat' dir='ltr'>usque</span> <span class='ocrx_word' id='word_1_57' title='bbox 771 1532 811 1597; x_wconf 85' lang='lat' dir='ltr'>ad</span> <span class='ocrx_word' id='word_1_58' title='bbox 827 1533 893 1613; x_wconf 87' lang='lat' dir='ltr'>illa,</span> <span class='ocrx_word' id='word_1_59' title='bbox 905 1535 976 1616; x_wconf 74' lang='grc' dir='ltr'>Ἀπὸ</span> <span class='ocrx_word' id='word_1_60' title='bbox 990 1538 1030 1597; x_wconf 87' lang='grc' dir='ltr'><strong>Ὠ</strong></span> <span class='ocrx_word' id='word_1_61' title='bbox 1058 1537 1068 1559; x_wconf 85' lang='grc'><em>’</em></span> <span class='ocrx_word' id='word_1_62' title='bbox 1091 1561 1120 1600; x_wconf 83' lang='lat' dir='ltr'>au</span> <span class='ocrx_word' id='word_1_63' title='bbox 1132 1534 1230 1599; x_wconf 71' lang='grc' dir='ltr'><strong>τοίνυν.</strong></span> <span class='ocrx_word' id='word_1_64' title='bbox 1245 1557 1277 1622; x_wconf 91' lang='lat' dir='ltr'>p.</span> <span class='ocrx_word' id='word_1_65' title='bbox 1294 1541 1361 1599; x_wconf 86' lang='grc'><strong>161.</strong></span> <span class='ocrx_word' id='word_1_66' title='bbox 1377 1534 1461 1599; x_wconf 80' lang='lat' dir='ltr'><strong>l.12.</strong></span> <span class='ocrx_word' id='word_1_67' title='bbox 1524 1579 1529 1585; x_wconf 92' lang='lat'><em>-</em></span> 
     </span>
     <span class='ocr_line' id='line_1_9' title="bbox 549 1617 1537 1705; baseline -0.001 -21"><span class='ocrx_word' id='word_1_68' title='bbox 549 1619 633 1686; x_wconf 88' lang='lat' dir='ltr'>lbid.</span> <span class='ocrx_word' id='word_1_69' title='bbox 649 1619 673 1684; x_wconf 93' lang='lat' dir='ltr'>l.</span> <span class='ocrx_word' id='word_1_70' title='bbox 689 1632 735 1684; x_wconf 84' lang='lat'>14.</span> <span class='ocrx_word' id='word_1_71' title='bbox 760 1619 804 1697; x_wconf 70' lang='lat' dir='ltr'>lm</span> <span class='ocrx_word' id='word_1_72' title='bbox 825 1617 892 1702; x_wconf 64' lang='grc' dir='ltr'>κά]</span> <span class='ocrx_word' id='word_1_73' title='bbox 908 1621 1018 1705; x_wconf 79' lang='lat' dir='ltr'>hegen</span> <span class='ocrx_word' id='word_1_74' title='bbox 1043 1642 1096 1684; x_wconf 92' lang='lat' dir='ltr'>um</span> <span class='ocrx_word' id='word_1_75' title='bbox 1118 1620 1163 1698; x_wconf 64' lang='lat' dir='ltr'>ira</span> <span class='ocrx_word' id='word_1_76' title='bbox 1184 1619 1243 1703; x_wconf 80' lang='grc' dir='ltr'><strong>κζ’.</strong></span> <span class='ocrx_word' id='word_1_77' title='bbox 1262 1620 1376 1686; x_wconf 85' lang='lat' dir='ltr'>saltem</span> <span class='ocrx_word' id='word_1_78' title='bbox 1391 1618 1432 1683; x_wconf 92' lang='lat' dir='ltr'>ad</span> <span class='ocrx_word' id='word_1_79' title='bbox 1445 1640 1537 1684; x_wconf 86' lang='lat' dir='ltr'>com·</span> 
     </span>
     <span class='ocr_line' id='line_1_10' title="bbox 502 1703 1538 1794; baseline -0.002 -22"><span class='ocrx_word' id='word_1_80' title='bbox 502 1703 659 1794; x_wconf 80' lang='lat' dir='ltr'>piendam</span> <span class='ocrx_word' id='word_1_81' title='bbox 682 1726 839 1769; x_wconf 89' lang='lat' dir='ltr'>summam</span> <span class='ocrx_word' id='word_1_82' title='bbox 863 1703 963 1790; x_wconf 59' lang='lat' dir='ltr'>prag‘.</span> <span class='ocrx_word' id='word_1_83' title='bbox 989 1719 1075 1781; x_wconf 90' lang='grc'><strong>1137.</strong></span> <span class='ocrx_word' id='word_1_84' title='bbox 1097 1720 1131 1770; x_wconf 91' lang='lat' dir='ltr'>et</span> <span class='ocrx_word' id='word_1_85' title='bbox 1152 1727 1217 1770; x_wconf 92' lang='lat' dir='ltr'>non</span> <span class='ocrx_word' id='word_1_86' title='bbox 1236 1717 1360 1771; x_wconf 90' lang='lat' dir='ltr'>tantum</span> <span class='ocrx_word' id='word_1_87' title='bbox 1384 1703 1538 1770; x_wconf 79' lang='lat' dir='ltr'>Clemens</span> 
     </span>
     <span class='ocr_line' id='line_1_11' title="bbox 503 1790 1538 1876; baseline -0.003 -18"><span class='ocrx_word' id='word_1_88' title='bbox 503 1791 604 1858; x_wconf 79' lang='lat' dir='ltr'>Alex.</span> <span class='ocrx_word' id='word_1_89' title='bbox 624 1790 657 1854; x_wconf 88' lang='lat' dir='ltr'>iu</span> <span class='ocrx_word' id='word_1_90' title='bbox 678 1790 791 1854; x_wconf 86' lang='lat' dir='ltr'>Strom.</span> <span class='ocrx_word' id='word_1_91' title='bbox 807 1792 832 1853; x_wconf 94' lang='lat' dir='ltr'>l.</span> <span class='ocrx_word' id='word_1_92' title='bbox 847 1811 879 1876; x_wconf 92' lang='lat' dir='ltr'>p.</span> <span class='ocrx_word' id='word_1_93' title='bbox 891 1804 961 1855; x_wconf 82' lang='lat'><strong>384.</strong></span> <span class='ocrx_word' id='word_1_94' title='bbox 976 1790 1028 1856; x_wconf 90' lang='lat' dir='ltr'>ed.</span> <span class='ocrx_word' id='word_1_95' title='bbox 1043 1792 1162 1856; x_wconf 89' lang='lat' dir='ltr'>Potteri</span> <span class='ocrx_word' id='word_1_96' title='bbox 1181 1812 1282 1857; x_wconf 90' lang='lat' dir='ltr'>annos</span> <span class='ocrx_word' id='word_1_97' title='bbox 1296 1803 1346 1868; x_wconf 85' lang='lat'>27.</span> <span class='ocrx_word' id='word_1_98' title='bbox 1359 1791 1469 1856; x_wconf 77' lang='lat' dir='ltr'>Josuae</span> <span class='ocrx_word' id='word_1_99' title='bbox 1487 1801 1538 1855; x_wconf 87' lang='lat' dir='ltr'>at·</span> 
     </span>
     <span class='ocr_line' id='line_1_12' title="bbox 499 1875 1539 1965; baseline -0.004 -21"><span class='ocrx_word' id='word_1_100' title='bbox 499 1875 632 1955; x_wconf 77' lang='lat' dir='ltr'>tribuit,</span> <span class='ocrx_word' id='word_1_101' title='bbox 645 1897 753 1941; x_wconf 86' lang='lat' dir='ltr'>verum</span> <span class='ocrx_word' id='word_1_102' title='bbox 772 1876 869 1941; x_wconf 89' lang='lat' dir='ltr'>etiam</span> <span class='ocrx_word' id='word_1_103' title='bbox 890 1876 1025 1942; x_wconf 87' lang='lat' dir='ltr'>affirmat</span> <span class='ocrx_word' id='word_1_104' title='bbox 1047 1875 1215 1965; x_wconf 89' lang='lat' dir='ltr'>Syncellus</span> <span class='ocrx_word' id='word_1_105' title='bbox 1233 1877 1274 1943; x_wconf 92' lang='lat' dir='ltr'>ad</span> <span class='ocrx_word' id='word_1_106' title='bbox 1290 1897 1323 1963; x_wconf 90' lang='lat' dir='ltr'>p.</span> <span class='ocrx_word' id='word_1_107' title='bbox 1344 1888 1410 1954; x_wconf 77' lang='grc'><strong>174.</strong></span> <span class='ocrx_word' id='word_1_108' title='bbox 1425 1895 1539 1942; x_wconf 84' lang='lat' dir='ltr'>omnes</span> 
     </span>
     <span class='ocr_line' id='line_1_13' title="bbox 503 1958 1540 2049; baseline -0.002 -21"><span class='ocrx_word' id='word_1_109' title='bbox 503 1961 575 2028; x_wconf 77' lang='lat' dir='ltr'>fere</span> <span class='ocrx_word' id='word_1_110' title='bbox 586 1975 735 2027; x_wconf 80' lang='lat' dir='ltr'><strong>auctores</strong></span> <span class='ocrx_word' id='word_1_111' title='bbox 749 1962 911 2026; x_wconf 83' lang='lat' dir='ltr'>traditioni</span> <span class='ocrx_word' id='word_1_112' title='bbox 927 1985 990 2027; x_wconf 89' lang='lat' dir='ltr'>non</span> <span class='ocrx_word' id='word_1_113' title='bbox 1008 1962 1135 2049; x_wconf 79' lang='lat' dir='ltr'>scriptae</span> <span class='ocrx_word' id='word_1_114' title='bbox 1155 1984 1310 2027; x_wconf 82' lang='lat' dir='ltr'>summm</span> <span class='ocrx_word' id='word_1_115' title='bbox 1325 1976 1376 2037; x_wconf 83' lang='lat'>27.</span> <span class='ocrx_word' id='word_1_116' title='bbox 1390 1962 1468 2026; x_wconf 89' lang='lat' dir='ltr'>Jesu</span> <span class='ocrx_word' id='word_1_117' title='bbox 1482 1958 1540 2047; x_wconf 85' lang='lat' dir='ltr'>lilii</span> 
     </span>
     <span class='ocr_line' id='line_1_14' title="bbox 500 2045 1540 2114; baseline -0.002 -1"><span class='ocrx_word' id='word_1_118' title='bbox 500 2045 605 2114; x_wconf 86' lang='lat' dir='ltr'>-Nauo</span> <span class='ocrx_word' id='word_1_119' title='bbox 622 2046 814 2113; x_wconf 87' lang='lat' dir='ltr'>consentire.</span> <span class='ocrx_word' id='word_1_120' title='bbox 852 2048 1008 2114; x_wconf 85' lang='lat' dir='ltr'>Conferas</span> <span class='ocrx_word' id='word_1_121' title='bbox 1026 2062 1059 2112; x_wconf 91' lang='lat' dir='ltr'>et</span> <span class='ocrx_word' id='word_1_122' title='bbox 1076 2049 1179 2113; x_wconf 92' lang='lat' dir='ltr'>Num.</span> <span class='ocrx_word' id='word_1_123' title='bbox 1195 2067 1288 2113; x_wconf 84' lang='lat' dir='ltr'><strong>xxx.</strong></span> <span class='ocrx_word' id='word_1_124' title='bbox 1324 2048 1403 2111; x_wconf 83' lang='lat' dir='ltr'>Exci</span> <span class='ocrx_word' id='word_1_125' title='bbox 1426 2045 1540 2112; x_wconf 79' lang='lat' dir='ltr'>iendus</span> 
     </span>
     <span class='ocr_line' id='line_1_15' title="bbox 506 2131 1541 2220; baseline -0.005 -20"><span class='ocrx_word' id='word_1_126' title='bbox 506 2146 619 2200; x_wconf 84' lang='lat' dir='ltr'>autem</span> <span class='ocrx_word' id='word_1_127' title='bbox 640 2146 689 2198; x_wconf 86' lang='lat' dir='ltr'>est</span> <span class='ocrx_word' id='word_1_128' title='bbox 710 2132 884 2220; x_wconf 89' lang='lat' dir='ltr'>Josephus,</span> <span class='ocrx_word' id='word_1_129' title='bbox 905 2134 961 2220; x_wconf 93' lang='lat' dir='ltr'>qui</span> <span class='ocrx_word' id='word_1_130' title='bbox 987 2155 1087 2198; x_wconf 90' lang='lat' dir='ltr'>annos</span> <span class='ocrx_word' id='word_1_131' title='bbox 1104 2148 1155 2198; x_wconf 80' lang='grc'>15.</span> <span class='ocrx_word' id='word_1_132' title='bbox 1179 2133 1210 2197; x_wconf 91' lang='lat' dir='ltr'>ei</span> <span class='ocrx_word' id='word_1_133' title='bbox 1235 2132 1358 2210; x_wconf 82' lang='lat' dir='ltr'>tribuit,</span> <span class='ocrx_word' id='word_1_134' title='bbox 1448 2131 1541 2218; x_wconf 75' lang='lat' dir='ltr'>iquit.</span> 
     </span>
     <span class='ocr_line' id='line_1_16' title="bbox 501 2215 1542 2306; baseline -0.003 -22"><span class='ocrx_word' id='word_1_135' title='bbox 501 2218 585 2284; x_wconf 57' lang='lat' dir='ltr'>ulad.</span> <span class='ocrx_word' id='word_1_136' title='bbox 608 2216 665 2284; x_wconf 92' lang='lat' dir='ltr'>lib.</span> <span class='ocrx_word' id='word_1_137' title='bbox 679 2217 720 2282; x_wconf 85' lang='lat' dir='ltr'>iv.</span> <span class='ocrx_word' id='word_1_138' title='bbox 740 2239 812 2305; x_wconf 86' lang='lat' dir='ltr'>cap.</span> <span class='ocrx_word' id='word_1_139' title='bbox 830 2234 857 2282; x_wconf 97' lang='lat'>1.</span> <span class='ocrx_word' id='word_1_140' title='bbox 879 2219 951 2284; x_wconf 88' lang='lat' dir='ltr'>fine.</span> <span class='ocrx_word' id='word_1_141' title='bbox 987 2221 1204 2306; x_wconf 90' lang='lat' dir='ltr'>Veteremque</span> <span class='ocrx_word' id='word_1_142' title='bbox 1229 2240 1299 2282; x_wconf 89' lang='lat' dir='ltr'>esse</span> <span class='ocrx_word' id='word_1_143' title='bbox 1320 2218 1403 2281; x_wconf 86' lang='lat' dir='ltr'>hano</span> <span class='ocrx_word' id='word_1_144' title='bbox 1428 2215 1542 2281; x_wconf 83' lang='lat' dir='ltr'>lectio·</span> 
     </span>
     <span class='ocr_line' id='line_1_17' title="bbox 509 2301 1543 2396; baseline -0.002 -27"><span class='ocrx_word' id='word_1_145' title='bbox 509 2325 586 2369; x_wconf 86' lang='lat' dir='ltr'>trem</span> <span class='ocrx_word' id='word_1_146' title='bbox 599 2325 756 2368; x_wconf 89' lang='lat' dir='ltr'>annorum</span> <span class='ocrx_word' id='word_1_147' title='bbox 771 2319 821 2368; x_wconf 83' lang='grc'>13.</span> <span class='ocrx_word' id='word_1_148' title='bbox 839 2304 990 2382; x_wconf 80' lang='lat' dir='ltr'>ostendit,</span> <span class='ocrx_word' id='word_1_149' title='bbox 1005 2316 1073 2368; x_wconf 89' lang='lat' dir='ltr'>tam</span> <span class='ocrx_word' id='word_1_150' title='bbox 1094 2302 1235 2390; x_wconf 87' lang='lat' dir='ltr'>Syncelli</span> <span class='ocrx_word' id='word_1_151' title='bbox 1252 2303 1349 2368; x_wconf 88' lang='lat' dir='ltr'>lectio</span> <span class='ocrx_word' id='word_1_152' title='bbox 1363 2301 1455 2388; x_wconf 68' lang='grc' dir='ltr'>ᾳσλί,</span> <span class='ocrx_word' id='word_1_153' title='bbox 1492 2309 1543 2396; x_wconf 83' lang='grc' dir='ltr'>01ἐΙ</span> 
     </span>
    </p>
   </div>
   <div class='ocr_carea' id='block_1_3' title="bbox 506 2324 1544 2476">
    <p class='ocr_par' dir='ltr' id='par_1_3' title="bbox 506 2324 1544 2476">
     <span class='ocr_line' id='line_1_18' title="bbox 506 2324 1544 2476; baseline -0.004 -20"><span class='ocrx_word' id='word_1_154' title='bbox 506 2402 763 2456; x_wconf 83' lang='lat' dir='ltr'>aommemorata</span> <span class='ocrx_word' id='word_1_155' title='bbox 775 2410 872 2474; x_wconf 88' lang='lat' dir='ltr'>supra</span> <span class='ocrx_word' id='word_1_156' title='bbox 883 2406 932 2454; x_wconf 89' lang='lat' dir='ltr'>est</span> <span class='ocrx_word' id='word_1_157' title='bbox 953 2389 995 2454; x_wconf 90' lang='lat' dir='ltr'>ad</span> <span class='ocrx_word' id='word_1_158' title='bbox 1013 2410 1089 2476; x_wconf 88' lang='lat' dir='ltr'>pag.</span> <span class='ocrx_word' id='word_1_159' title='bbox 1100 2395 1170 2467; x_wconf 78' lang='lat'><strong>296.</strong></span> <span class='ocrx_word' id='word_1_160' title='bbox 1185 2411 1281 2476; x_wconf 86' lang='lat' dir='ltr'>quam</span> <span class='ocrx_word' id='word_1_161' title='bbox 1297 2388 1400 2453; x_wconf 86' lang='lat' dir='ltr'>brevis</span> <span class='ocrx_word' id='word_1_162' title='bbox 1435 2324 1544 2452; x_wconf 73' lang='lat' dir='ltr'>uidam</span> 
     </span>
    </p>
   </div>
   <div class='ocr_carea' id='block_1_4' title="bbox 460 2472 1563 4789">
    <p class='ocr_par' dir='ltr' id='par_1_4' title="bbox 460 2472 1554 3843">
     <span class='ocr_line' id='line_1_19' title="bbox 511 2472 1544 2561; baseline -0.003 -21"><span class='ocrx_word' id='word_1_163' title='bbox 511 2472 681 2540; x_wconf 79' lang='lat' dir='ltr'>Chronolo</span> <span class='ocrx_word' id='word_1_164' title='bbox 706 2474 745 2539; x_wconf 79' lang='lat' dir='ltr'>iae</span> <span class='ocrx_word' id='word_1_165' title='bbox 765 2474 911 2539; x_wconf 81' lang='lat' dir='ltr'>Africani</span> <span class='ocrx_word' id='word_1_166' title='bbox 935 2476 1107 2555; x_wconf 78' lang='lat' dir='ltr'>Reuersus,</span> <span class='ocrx_word' id='word_1_167' title='bbox 1127 2495 1223 2561; x_wconf 90' lang='lat' dir='ltr'>quem</span> <span class='ocrx_word' id='word_1_168' title='bbox 1247 2473 1404 2539; x_wconf 87' lang='lat' dir='ltr'>adfinem</span> <span class='ocrx_word' id='word_1_169' title='bbox 1453 2494 1544 2538; x_wconf 89' lang='lat' dir='ltr'>arum</span> 
     </span>
     <span class='ocr_line' id='line_1_20' title="bbox 510 2496 1547 2661; baseline -0.001 -37"><span class='ocrx_word' id='word_1_170' title='bbox 510 2561 614 2661; x_wconf 67' lang='lat' dir='ltr'>plum</span> <span class='ocrx_word' id='word_1_171' title='bbox 627 2496 792 2624; x_wconf 57' lang='lat' dir='ltr'>colinari.</span> <span class='ocrx_word' id='word_1_172' title='bbox 835 2561 883 2624; x_wconf 87' lang='lat' dir='ltr'>At</span> <span class='ocrx_word' id='word_1_173' title='bbox 902 2560 983 2625; x_wconf 90' lang='lat' dir='ltr'>mihi</span> <span class='ocrx_word' id='word_1_174' title='bbox 1004 2560 1134 2647; x_wconf 88' lang='lat' dir='ltr'>quidem</span> <span class='ocrx_word' id='word_1_175' title='bbox 1154 2574 1288 2647; x_wconf 89' lang='lat' dir='ltr'>uterque</span> <span class='ocrx_word' id='word_1_176' title='bbox 1302 2580 1464 2636; x_wconf 88' lang='lat' dir='ltr'>numerus,</span> <span class='ocrx_word' id='word_1_177' title='bbox 1478 2572 1547 2624; x_wconf 86' lang='lat' dir='ltr'>tam</span> 
     </span>
     <span class='ocr_line' id='line_1_21' title="bbox 506 2644 1546 2733; baseline -0.003 -21"><span class='ocrx_word' id='word_1_178' title='bbox 506 2645 569 2712; x_wconf 83' lang='lat' dir='ltr'>-slle</span> <span class='ocrx_word' id='word_1_179' title='bbox 589 2645 685 2710; x_wconf 87' lang='lat' dir='ltr'>toties</span> <span class='ocrx_word' id='word_1_180' title='bbox 706 2645 759 2709; x_wconf 87' lang='lat' dir='ltr'>hic</span> <span class='ocrx_word' id='word_1_181' title='bbox 779 2666 812 2709; x_wconf 91' lang='lat' dir='ltr'>re</span> <span class='ocrx_word' id='word_1_182' title='bbox 835 2645 931 2711; x_wconf 90' lang='lat' dir='ltr'>etitus</span> <span class='ocrx_word' id='word_1_183' title='bbox 949 2658 1035 2725; x_wconf 88' lang='grc'><strong>1137,</strong></span> <span class='ocrx_word' id='word_1_184' title='bbox 1048 2668 1145 2733; x_wconf 88' lang='lat' dir='ltr'>quam</span> <span class='ocrx_word' id='word_1_185' title='bbox 1167 2646 1248 2711; x_wconf 87' lang='lat' dir='ltr'>alter</span> <span class='ocrx_word' id='word_1_186' title='bbox 1262 2660 1312 2721; x_wconf 88' lang='grc'><strong>17.</strong></span> <span class='ocrx_word' id='word_1_187' title='bbox 1328 2644 1445 2709; x_wconf 83' lang='lat' dir='ltr'>firmari</span> <span class='ocrx_word' id='word_1_188' title='bbox 1458 2644 1546 2710; x_wconf 81' lang='lat' dir='ltr'>vide·</span> 
     </span>
     <span class='ocr_line' id='line_1_22' title="bbox 506 2666 1546 2832; baseline -0.004 -34"><span class='ocrx_word' id='word_1_189' title='bbox 506 2731 644 2811; x_wconf 82' lang='lat' dir='ltr'>-bantur,</span> <span class='ocrx_word' id='word_1_190' title='bbox 657 2752 731 2796; x_wconf 89' lang='lat' dir='ltr'>cum</span> <span class='ocrx_word' id='word_1_191' title='bbox 746 2753 784 2794; x_wconf 83' lang='lat' dir='ltr'>ex</span> <span class='ocrx_word' id='word_1_192' title='bbox 799 2666 873 2809; x_wconf 83' lang='lat' dir='ltr'>illis,</span> <span class='ocrx_word' id='word_1_193' title='bbox 884 2754 957 2818; x_wconf 88' lang='lat' dir='ltr'>quae</span> <span class='ocrx_word' id='word_1_194' title='bbox 970 2754 1046 2797; x_wconf 83' lang='lat' dir='ltr'>mox</span> <span class='ocrx_word' id='word_1_195' title='bbox 1059 2745 1236 2832; x_wconf 86' lang='lat' dir='ltr'>sequuntur</span> <span class='ocrx_word' id='word_1_196' title='bbox 1250 2733 1291 2798; x_wconf 86' lang='lat' dir='ltr'>ad</span> <span class='ocrx_word' id='word_1_197' title='bbox 1305 2752 1380 2819; x_wconf 83' lang='lat' dir='ltr'>pag.</span> <span class='ocrx_word' id='word_1_198' title='bbox 1393 2737 1460 2795; x_wconf 87' lang='lat'><strong>161.</strong></span> <span class='ocrx_word' id='word_1_199' title='bbox 1475 2743 1546 2795; x_wconf 90' lang='lat' dir='ltr'>tum</span> 
     </span>
     <span class='ocr_line' id='line_1_23' title="bbox 510 2814 1548 2906; baseline -0.004 -22"><span class='ocrx_word' id='word_1_200' title='bbox 510 2840 590 2885; x_wconf 76' lang='lat' dir='ltr'>sero</span> <span class='ocrx_word' id='word_1_201' title='bbox 610 2840 652 2883; x_wconf 86' lang='lat' dir='ltr'>ex</span> <span class='ocrx_word' id='word_1_202' title='bbox 671 2816 843 2882; x_wconf 88' lang='lat' dir='ltr'>collatione</span> <span class='ocrx_word' id='word_1_203' title='bbox 866 2838 1035 2900; x_wconf 88' lang='lat' dir='ltr'>annorum,</span> <span class='ocrx_word' id='word_1_204' title='bbox 1060 2841 1116 2906; x_wconf 88' lang='lat' dir='ltr'>qm</span> <span class='ocrx_word' id='word_1_205' title='bbox 1144 2818 1176 2883; x_wconf 94' lang='lat' dir='ltr'>in</span> <span class='ocrx_word' id='word_1_206' title='bbox 1201 2820 1349 2905; x_wconf 81' lang='lat' dir='ltr'>Exserpt.</span> <span class='ocrx_word' id='word_1_207' title='bbox 1372 2835 1480 2882; x_wconf 79' lang='lat' dir='ltr'>xntx.</span> <span class='ocrx_word' id='word_1_208' title='bbox 1505 2814 1548 2881; x_wconf 92' lang='lat' dir='ltr'>ad</span> 
     </span>
     <span class='ocr_line' id='line_1_24' title="bbox 473 2901 1548 2991; baseline 0.002 -25"><span class='ocrx_word' id='word_1_209' title='bbox 473 2954 476 2959; x_wconf 95' lang='lat'><strong>.</strong></span> <span class='ocrx_word' id='word_1_210' title='bbox 506 2924 592 2991; x_wconf 86' lang='lat' dir='ltr'>pag.</span> <span class='ocrx_word' id='word_1_211' title='bbox 610 2916 677 2968; x_wconf 81' lang='grc'><strong>181.</strong></span> <span class='ocrx_word' id='word_1_212' title='bbox 697 2917 1001 2982; x_wconf 81' lang='lat' dir='ltr'>commemorantur,</span> <span class='ocrx_word' id='word_1_213' title='bbox 1017 2927 1092 2970; x_wconf 85' lang='lat' dir='ltr'>cum</span> <span class='ocrx_word' id='word_1_214' title='bbox 1113 2903 1176 2969; x_wconf 87' lang='lat' dir='ltr'>illis</span> <span class='ocrx_word' id='word_1_215' title='bbox 1190 2903 1231 2969; x_wconf 91' lang='lat' dir='ltr'>de</span> <span class='ocrx_word' id='word_1_216' title='bbox 1250 2904 1355 2968; x_wconf 90' lang='lat' dir='ltr'>Mosis</span> <span class='ocrx_word' id='word_1_217' title='bbox 1363 2901 1484 2983; x_wconf 82' lang='lat' dir='ltr'>exodo,</span> <span class='ocrx_word' id='word_1_218' title='bbox 1497 2915 1548 2968; x_wconf 89' lang='lat' dir='ltr'>at·</span> 
     </span>
     <span class='ocr_line' id='line_1_25' title="bbox 505 2987 1550 3078; baseline -0.002 -24"><span class='ocrx_word' id='word_1_219' title='bbox 505 3016 509 3023; x_wconf 95' lang='lat'><em>·</em></span> <span class='ocrx_word' id='word_1_220' title='bbox 537 3010 580 3054; x_wconf 86' lang='lat' dir='ltr'>ue</span> <span class='ocrx_word' id='word_1_221' title='bbox 609 2988 685 3053; x_wconf 89' lang='lat' dir='ltr'>Heli</span> <span class='ocrx_word' id='word_1_222' title='bbox 710 2989 783 3063; x_wconf 85' lang='lat' dir='ltr'>fine,</span> <span class='ocrx_word' id='word_1_223' title='bbox 811 3010 958 3076; x_wconf 89' lang='lat' dir='ltr'>annoque</span> <span class='ocrx_word' id='word_1_224' title='bbox 987 2990 1045 3055; x_wconf 88' lang='lat' dir='ltr'>illo</span> <span class='ocrx_word' id='word_1_225' title='bbox 1074 2990 1171 3078; x_wconf 87' lang='lat' dir='ltr'>Olym</span> <span class='ocrx_word' id='word_1_226' title='bbox 1197 2988 1303 3055; x_wconf 78' lang='lat' dir='ltr'>iudico</span> <span class='ocrx_word' id='word_1_227' title='bbox 1325 3011 1422 3077; x_wconf 89' lang='lat' dir='ltr'>quem</span> <span class='ocrx_word' id='word_1_228' title='bbox 1451 2987 1550 3053; x_wconf 86' lang='lat' dir='ltr'>morti</span> 
     </span>
     <span class='ocr_line' id='line_1_26' title="bbox 513 3011 1551 3161; baseline -0.003 -21"><span class='ocrx_word' id='word_1_229' title='bbox 513 3011 640 3141; x_wconf 51' lang='lat' dir='ltr'>ihr-isti</span> <span class='ocrx_word' id='word_1_230' title='bbox 661 3074 803 3161; x_wconf 80' lang='lat' dir='ltr'>assignat</span> <span class='ocrx_word' id='word_1_231' title='bbox 823 3075 1016 3155; x_wconf 61' lang='lat' dir='ltr'>Africanum</span> <span class='ocrx_word' id='word_1_232' title='bbox 1047 3075 1107 3139; x_wconf 87' lang='lat' dir='ltr'>etsi</span> <span class='ocrx_word' id='word_1_233' title='bbox 1130 3075 1163 3140; x_wconf 91' lang='lat' dir='ltr'>in</span> <span class='ocrx_word' id='word_1_234' title='bbox 1186 3096 1204 3139; x_wconf 90' lang='lat' dir='ltr'>e</span> <span class='ocrx_word' id='word_1_235' title='bbox 1229 3098 1262 3140; x_wconf 87' lang='lat' dir='ltr'>se</span> <span class='ocrx_word' id='word_1_236' title='bbox 1286 3090 1426 3153; x_wconf 88' lang='lat' dir='ltr'>ueretur,</span> <span class='ocrx_word' id='word_1_237' title='bbox 1449 3089 1551 3138; x_wconf 80' lang='lat' dir='ltr'>annos</span> 
     </span>
     <span class='ocr_line' id='line_1_27' title="bbox 515 3159 1549 3247; baseline -0.003 -20"><span class='ocrx_word' id='word_1_238' title='bbox 515 3160 935 3227; x_wconf 67' lang='lat' dir='ltr'>tantumne-avocatione</span> <span class='ocrx_word' id='word_1_239' title='bbox 948 3159 1227 3247; x_wconf 89' lang='lat' dir='ltr'>Abrahamusque</span> <span class='ocrx_word' id='word_1_240' title='bbox 1295 3161 1397 3225; x_wconf 89' lang='lat' dir='ltr'>Mosis</span> <span class='ocrx_word' id='word_1_241' title='bbox 1409 3159 1549 3233; x_wconf 83' lang='lat' dir='ltr'>exodum</span> 
     </span>
     <span class='ocr_line' id='line_1_28' title="bbox 514 3244 1551 3331; baseline -0.003 -20"><span class='ocrx_word' id='word_1_242' title='bbox 514 3244 690 3331; x_wconf 73' lang='lat' dir='ltr'>collegisse</span> <span class='ocrx_word' id='word_1_243' title='bbox 708 3245 908 3323; x_wconf 87' lang='lat' dir='ltr'>Africanum,</span> <span class='ocrx_word' id='word_1_244' title='bbox 925 3268 1000 3323; x_wconf 89' lang='lat' dir='ltr'>nnn,</span> <span class='ocrx_word' id='word_1_245' title='bbox 1023 3258 1060 3310; x_wconf 92' lang='lat' dir='ltr'>ut</span> <span class='ocrx_word' id='word_1_246' title='bbox 1079 3258 1168 3310; x_wconf 85' lang='lat' dir='ltr'>vetus</span> <span class='ocrx_word' id='word_1_247' title='bbox 1188 3245 1243 3309; x_wconf 92' lang='lat' dir='ltr'>ille</span> <span class='ocrx_word' id='word_1_248' title='bbox 1262 3246 1421 3310; x_wconf 88' lang='lat' dir='ltr'>Recensus</span> <span class='ocrx_word' id='word_1_249' title='bbox 1441 3244 1551 3323; x_wconf 87' lang='lat' dir='ltr'>habet,</span> 
     </span>
     <span class='ocr_line' id='line_1_29' title="bbox 516 3329 1550 3416; baseline -0.005 -19"><span class='ocrx_word' id='word_1_250' title='bbox 516 3352 620 3397; x_wconf 78' lang='lat' dir='ltr'>annos</span> <span class='ocrx_word' id='word_1_251' title='bbox 633 3342 704 3394; x_wconf 80' lang='grc'><strong>430.</strong></span> <span class='ocrx_word' id='word_1_252' title='bbox 741 3329 848 3395; x_wconf 86' lang='lat' dir='ltr'>Aliam</span> <span class='ocrx_word' id='word_1_253' title='bbox 870 3353 941 3395; x_wconf 88' lang='lat' dir='ltr'>vero</span> <span class='ocrx_word' id='word_1_254' title='bbox 963 3351 1000 3395; x_wconf 88' lang='lat' dir='ltr'>ac</span> <span class='ocrx_word' id='word_1_255' title='bbox 1022 3330 1209 3395; x_wconf 79' lang='lat' dir='ltr'>dissimilem</span> <span class='ocrx_word' id='word_1_256' title='bbox 1230 3330 1389 3416; x_wconf 87' lang='lat' dir='ltr'>originem</span> <span class='ocrx_word' id='word_1_257' title='bbox 1412 3346 1550 3393; x_wconf 67' lang='lat' dir='ltr'>summe</span> 
     </span>
     <span class='ocr_line' id='line_1_30' title="bbox 510 3414 1551 3502; baseline -0.004 -19"><span class='ocrx_word' id='word_1_258' title='bbox 510 3437 677 3483; x_wconf 72' lang='lat' dir='ltr'>armorum</span> <span class='ocrx_word' id='word_1_259' title='bbox 693 3429 777 3492; x_wconf 85' lang='grc'><strong>1137.</strong></span> <span class='ocrx_word' id='word_1_260' title='bbox 788 3416 928 3502; x_wconf 86' lang='lat' dir='ltr'>Vigerus</span> <span class='ocrx_word' id='word_1_261' title='bbox 945 3415 1044 3481; x_wconf 92' lang='lat' dir='ltr'>modo</span> <span class='ocrx_word' id='word_1_262' title='bbox 1057 3415 1157 3495; x_wconf 84' lang='lat' dir='ltr'>dabit,</span> <span class='ocrx_word' id='word_1_263' title='bbox 1169 3414 1211 3481; x_wconf 89' lang='lat' dir='ltr'>de</span> <span class='ocrx_word' id='word_1_264' title='bbox 1247 3436 1289 3480; x_wconf 89' lang='lat' dir='ltr'>ua</span> <span class='ocrx_word' id='word_1_265' title='bbox 1304 3416 1406 3480; x_wconf 82' lang='lat' dir='ltr'>lector</span> <span class='ocrx_word' id='word_1_266' title='bbox 1417 3414 1551 3500; x_wconf 65' lang='lat' dir='ltr'>judicet.</span> 
     </span>
     <span class='ocr_line' id='line_1_31' title="bbox 460 3438 1552 3590; baseline -0.005 -19"><span class='ocrx_word' id='word_1_267' title='bbox 460 3564 462 3571; x_wconf 93' lang='lat'><strong>.</strong></span> <span class='ocrx_word' id='word_1_268' title='bbox 564 3501 757 3567; x_wconf 81' lang='lat' dir='ltr'>lbid.l.15.</span> <span class='ocrx_word' id='word_1_269' title='bbox 785 3501 982 3590; x_wconf 69' lang='grc' dir='ltr'><strong><em>πρεσὸυτὲςων</em></strong></span> <span class='ocrx_word' id='word_1_270' title='bbox 1008 3503 1053 3577; x_wconf 70' lang='grc' dir='ltr'>ἔτη</span> <span class='ocrx_word' id='word_1_271' title='bbox 1076 3500 1131 3584; x_wconf 82' lang='grc' dir='ltr'><strong>λ’.]</strong></span> <span class='ocrx_word' id='word_1_272' title='bbox 1155 3438 1276 3566; x_wconf 55' lang='lat' dir='ltr'>Conier</span> <span class='ocrx_word' id='word_1_273' title='bbox 1298 3502 1400 3566; x_wconf 90' lang='lat' dir='ltr'>Num.</span> <span class='ocrx_word' id='word_1_274' title='bbox 1424 3519 1552 3565; x_wconf 69' lang='lat' dir='ltr'><strong>nvn.</strong></span> 
     </span>
     <span class='ocr_line' id='line_1_32' title="bbox 516 3585 1553 3672; baseline -0.002 -20"><span class='ocrx_word' id='word_1_275' title='bbox 516 3587 626 3665; x_wconf 70' lang='grc' dir='ltr'><strong>Ἰησοῦν</strong></span> <span class='ocrx_word' id='word_1_276' title='bbox 644 3606 703 3672; x_wconf 86' lang='lat' dir='ltr'>pro</span> <span class='ocrx_word' id='word_1_277' title='bbox 722 3587 814 3664; x_wconf 80' lang='grc' dir='ltr'>Ἰησοῦ</span> <span class='ocrx_word' id='word_1_278' title='bbox 835 3610 874 3651; x_wconf 85' lang='lat' dir='ltr'>ex</span> <span class='ocrx_word' id='word_1_279' title='bbox 896 3586 1019 3651; x_wconf 83' lang='lat' dir='ltr'>Eusebii</span> <span class='ocrx_word' id='word_1_280' title='bbox 1034 3587 1110 3652; x_wconf 87' lang='lat' dir='ltr'>MS.</span> <span class='ocrx_word' id='word_1_281' title='bbox 1129 3585 1208 3652; x_wconf 85' lang='lat' dir='ltr'>Coll.</span> <span class='ocrx_word' id='word_1_282' title='bbox 1226 3585 1259 3652; x_wconf 89' lang='lat' dir='ltr'>S.</span> <span class='ocrx_word' id='word_1_283' title='bbox 1274 3587 1366 3651; x_wconf 83' lang='lat' dir='ltr'>Joun.</span> <span class='ocrx_word' id='word_1_284' title='bbox 1379 3586 1486 3670; x_wconf 87' lang='lat' dir='ltr'>posui,</span> <span class='ocrx_word' id='word_1_285' title='bbox 1501 3599 1553 3671; x_wconf 49' lang='grc' dir='ltr'>111-ἲ</span> 
     </span>
     <span class='ocr_line' id='line_1_33' title="bbox 518 3670 1554 3761; baseline -0.002 -24"><span class='ocrx_word' id='word_1_286' title='bbox 518 3694 586 3761; x_wconf 87' lang='lat' dir='ltr'>que</span> <span class='ocrx_word' id='word_1_287' title='bbox 600 3672 645 3737; x_wconf 90' lang='lat' dir='ltr'>ita</span> <span class='ocrx_word' id='word_1_288' title='bbox 657 3671 749 3735; x_wconf 80' lang='lat' dir='ltr'>vertit</span> <span class='ocrx_word' id='word_1_289' title='bbox 763 3674 914 3758; x_wconf 85' lang='lat' dir='ltr'>Vigerus,</span> <span class='ocrx_word' id='word_1_290' title='bbox 928 3673 982 3759; x_wconf 84' lang='lat' dir='ltr'>qni</span> <span class='ocrx_word' id='word_1_291' title='bbox 994 3684 1063 3758; x_wconf 83' lang='lat' dir='ltr'>post</span> <span class='ocrx_word' id='word_1_292' title='bbox 1078 3675 1184 3738; x_wconf 82' lang='lat' dir='ltr'>Jesum</span> <span class='ocrx_word' id='word_1_293' title='bbox 1195 3671 1319 3758; x_wconf 82' lang='lat' dir='ltr'>judices</span> <span class='ocrx_word' id='word_1_294' title='bbox 1327 3671 1434 3760; x_wconf 78' lang='lat' dir='ltr'>fuera.</span> <span class='ocrx_word' id='word_1_295' title='bbox 1469 3670 1554 3736; x_wconf 77' lang='lat' dir='ltr'>vids</span> 
     </span>
     <span class='ocr_line' id='line_1_34' title="bbox 519 3758 991 3843; baseline -0.002 -20"><span class='ocrx_word' id='word_1_296' title='bbox 519 3772 557 3823; x_wconf 82' lang='lat' dir='ltr'>et</span> <span class='ocrx_word' id='word_1_297' title='bbox 568 3760 673 3823; x_wconf 89' lang='lat' dir='ltr'>Num.</span> <span class='ocrx_word' id='word_1_298' title='bbox 687 3777 778 3821; x_wconf 82' lang='lat' dir='ltr'><strong>xxx.</strong></span> <span class='ocrx_word' id='word_1_299' title='bbox 796 3780 827 3843; x_wconf 88' lang='lat' dir='ltr'>p.</span> <span class='ocrx_word' id='word_1_300' title='bbox 848 3765 910 3836; x_wconf 77' lang='lat'>¹59·</span> <span class='ocrx_word' id='word_1_301' title='bbox 926 3758 948 3822; x_wconf 89' lang='lat' dir='ltr'>l.</span> <span class='ocrx_word' id='word_1_302' title='bbox 962 3772 991 3822; x_wconf 85' lang='lat'>8.</span> 
     </span>
    </p>

    <p class='ocr_par' dir='ltr' id='par_1_5' title="bbox 476 3841 1563 4789">
     <span class='ocr_line' id='line_1_35' title="bbox 476 3841 1555 3931; baseline 0 -23"><span class='ocrx_word' id='word_1_303' title='bbox 476 3850 480 3855; x_wconf 86' lang='lat'>&#39;</span> <span class='ocrx_word' id='word_1_304' title='bbox 518 3872 523 3877; x_wconf 96' lang='lat'>·</span> <span class='ocrx_word' id='word_1_305' title='bbox 566 3844 602 3908; x_wconf 89' lang='lat' dir='ltr'>P.</span> <span class='ocrx_word' id='word_1_306' title='bbox 615 3849 683 3907; x_wconf 88' lang='grc'><strong>161.</strong></span> <span class='ocrx_word' id='word_1_307' title='bbox 696 3843 720 3906; x_wconf 89' lang='lat' dir='ltr'>l.</span> <span class='ocrx_word' id='word_1_308' title='bbox 738 3858 764 3905; x_wconf 87' lang='lat'>1.</span> <span class='ocrx_word' id='word_1_309' title='bbox 785 3843 814 3919; x_wconf 76' lang='grc' dir='ltr'>ἧς</span> <span class='ocrx_word' id='word_1_310' title='bbox 828 3845 859 3907; x_wconf 80' lang='grc' dir='ltr'>τὸ</span> <span class='ocrx_word' id='word_1_311' title='bbox 874 3846 1030 3907; x_wconf 72' lang='grc' dir='ltr'>τελευταῖον</span> <span class='ocrx_word' id='word_1_312' title='bbox 1045 3841 1114 3928; x_wconf 70' lang='grc' dir='ltr'><strong>ἔτος]</strong></span> <span class='ocrx_word' id='word_1_313' title='bbox 1132 3844 1234 3908; x_wconf 87' lang='lat' dir='ltr'>Deest</span> <span class='ocrx_word' id='word_1_314' title='bbox 1249 3843 1302 3909; x_wconf 89' lang='lat' dir='ltr'>hic</span> <span class='ocrx_word' id='word_1_315' title='bbox 1316 3842 1448 3931; x_wconf 88' lang='lat' dir='ltr'>aliquid.</span> <span class='ocrx_word' id='word_1_316' title='bbox 1477 3842 1555 3909; x_wconf 79' lang='lat' dir='ltr'>Ouo</span> 
     </span>
     <span class='ocr_line' id='line_1_36' title="bbox 512 3926 1557 4014; baseline -0.003 -19"><span class='ocrx_word' id='word_1_317' title='bbox 512 3928 654 3995; x_wconf 62' lang='grc' dir='ltr'>Ι0111111τό</span> <span class='ocrx_word' id='word_1_318' title='bbox 670 3926 699 4004; x_wconf 77' lang='grc' dir='ltr'>ἧς</span> <span class='ocrx_word' id='word_1_319' title='bbox 715 3928 890 3992; x_wconf 78' lang='lat' dir='ltr'>referatur?</span> <span class='ocrx_word' id='word_1_320' title='bbox 929 3930 1023 3992; x_wconf 86' lang='lat' dir='ltr'>Forte</span> <span class='ocrx_word' id='word_1_321' title='bbox 1037 3943 1111 3992; x_wconf 89' lang='lat' dir='ltr'>ante</span> <span class='ocrx_word' id='word_1_322' title='bbox 1127 3928 1213 3993; x_wconf 88' lang='lat' dir='ltr'>hunc</span> <span class='ocrx_word' id='word_1_323' title='bbox 1226 3929 1408 4008; x_wconf 88' lang='lat' dir='ltr'>articulum,</span> <span class='ocrx_word' id='word_1_324' title='bbox 1421 3930 1557 4014; x_wconf 66' lang='lat' dir='ltr'>scripse*-</span> 
     </span>
     <span class='ocr_line' id='line_1_37' title="bbox 520 4013 1557 4099; baseline -0.002 -19"><span class='ocrx_word' id='word_1_325' title='bbox 520 4015 565 4081; x_wconf 83' lang='lat' dir='ltr'>rit</span> <span class='ocrx_word' id='word_1_326' title='bbox 586 4013 770 4090; x_wconf 56' lang='lat' dir='ltr'>Africanum</span> <span class='ocrx_word' id='word_1_327' title='bbox 792 4019 838 4088; x_wconf 72' lang='grc' dir='ltr'>τῆς</span> <span class='ocrx_word' id='word_1_328' title='bbox 861 4016 881 4076; x_wconf 81' lang='grc' dir='ltr'>δ’</span> <span class='ocrx_word' id='word_1_329' title='bbox 903 4014 1107 4099; x_wconf 68' lang='grc' dir='ltr'>αἰχμαλωσίας</span> <span class='ocrx_word' id='word_1_330' title='bbox 1128 4013 1321 4097; x_wconf 68' lang='grc' dir='ltr'><strong>ἑὸδομήκοντα.</strong></span> <span class='ocrx_word' id='word_1_331' title='bbox 1366 4014 1464 4078; x_wconf 84' lang='lat' dir='ltr'>Certe</span> <span class='ocrx_word' id='word_1_332' title='bbox 1487 4018 1557 4096; x_wconf 66' lang='grc' dir='ltr'>,ὄμᾶς</span> 
     </span>
     <span class='ocr_line' id='line_1_38' title="bbox 517 4097 1558 4199; baseline 0 -34"><span class='ocrx_word' id='word_1_333' title='bbox 517 4099 580 4165; x_wconf 84' lang='lat' dir='ltr'>illa</span> <span class='ocrx_word' id='word_1_334' title='bbox 599 4098 687 4162; x_wconf 91' lang='lat' dir='ltr'>mille</span> <span class='ocrx_word' id='word_1_335' title='bbox 702 4097 913 4162; x_wconf 88' lang='lat' dir='ltr'>ducentorum</span> <span class='ocrx_word' id='word_1_336' title='bbox 935 4121 973 4163; x_wconf 88' lang='lat' dir='ltr'>ac</span> <span class='ocrx_word' id='word_1_337' title='bbox 994 4098 1127 4185; x_wconf 84' lang='lat' dir='ltr'>triginta</span> <span class='ocrx_word' id='word_1_338' title='bbox 1147 4111 1269 4185; x_wconf 87' lang='lat' dir='ltr'>septem</span> <span class='ocrx_word' id='word_1_339' title='bbox 1293 4122 1461 4179; x_wconf 90' lang='lat' dir='ltr'>annorum,</span> <span class='ocrx_word' id='word_1_340' title='bbox 1475 4122 1558 4199; x_wconf 84' lang='lat' dir='ltr'>quos</span> 
     </span>
     <span class='ocr_line' id='line_1_39' title="bbox 521 4183 1556 4274; baseline 0 -24"><span class='ocrx_word' id='word_1_341' title='bbox 521 4185 567 4251; x_wconf 78' lang='lat' dir='ltr'>ab</span> <span class='ocrx_word' id='word_1_342' title='bbox 589 4183 704 4248; x_wconf 85' lang='lat' dir='ltr'>Exodo</span> <span class='ocrx_word' id='word_1_343' title='bbox 724 4184 765 4247; x_wconf 89' lang='lat' dir='ltr'>ad</span> <span class='ocrx_word' id='word_1_344' title='bbox 783 4183 905 4270; x_wconf 89' lang='lat' dir='ltr'>Cyrum</span> <span class='ocrx_word' id='word_1_345' title='bbox 928 4206 1031 4271; x_wconf 89' lang='lat' dir='ltr'>usque</span> <span class='ocrx_word' id='word_1_346' title='bbox 1053 4207 1210 4262; x_wconf 87' lang='lat' dir='ltr'>numerat,</span> <span class='ocrx_word' id='word_1_347' title='bbox 1231 4208 1271 4250; x_wconf 87' lang='lat' dir='ltr'>ex</span> <span class='ocrx_word' id='word_1_348' title='bbox 1291 4199 1556 4274; x_wconf 80' lang='lat' dir='ltr'>consequentium</span> 
     </span>
     <span class='ocr_line' id='line_1_40' title="bbox 524 4269 1559 4358; baseline -0.002 -22"><span class='ocrx_word' id='word_1_349' title='bbox 524 4290 681 4336; x_wconf 76' lang='lat' dir='ltr'>annorum</span> <span class='ocrx_word' id='word_1_350' title='bbox 702 4269 892 4332; x_wconf 87' lang='lat' dir='ltr'>collectione</span> <span class='ocrx_word' id='word_1_351' title='bbox 911 4292 975 4333; x_wconf 92' lang='lat' dir='ltr'>non</span> <span class='ocrx_word' id='word_1_352' title='bbox 998 4270 1122 4347; x_wconf 87' lang='lat' dir='ltr'>existet,</span> <span class='ocrx_word' id='word_1_353' title='bbox 1137 4269 1197 4334; x_wconf 91' lang='lat' dir='ltr'>nisi</span> <span class='ocrx_word' id='word_1_354' title='bbox 1217 4270 1276 4334; x_wconf 92' lang='lat' dir='ltr'>hos</span> <span class='ocrx_word' id='word_1_355' title='bbox 1290 4273 1496 4358; x_wconf 83' lang='lat' dir='ltr'>septuaginta</span> <span class='ocrx_word' id='word_1_356' title='bbox 1509 4270 1559 4334; x_wconf 90' lang='lat' dir='ltr'>in·-</span> 
     </span>
     <span class='ocr_line' id='line_1_41' title="bbox 524 4353 1560 4442; baseline -0.001 -21"><span class='ocrx_word' id='word_1_357' title='bbox 524 4353 812 4442; x_wconf 82' lang='lat' dir='ltr'>superaddideris:</span> <span class='ocrx_word' id='word_1_358' title='bbox 837 4356 962 4419; x_wconf 89' lang='lat' dir='ltr'>tametsi</span> <span class='ocrx_word' id='word_1_359' title='bbox 984 4371 1020 4419; x_wconf 92' lang='lat' dir='ltr'>ut</span> <span class='ocrx_word' id='word_1_360' title='bbox 1044 4355 1168 4419; x_wconf 89' lang='lat' dir='ltr'>deesset</span> <span class='ocrx_word' id='word_1_361' title='bbox 1182 4356 1313 4420; x_wconf 90' lang='lat' dir='ltr'>omnino</span> <span class='ocrx_word' id='word_1_362' title='bbox 1327 4359 1417 4435; x_wconf 87' lang='lat' dir='ltr'>nihil,</span> <span class='ocrx_word' id='word_1_363' title='bbox 1432 4356 1560 4420; x_wconf 89' lang='lat' dir='ltr'>duobus</span> 
     </span>
     <span class='ocr_line' id='line_1_42' title="bbox 524 4439 1559 4539; baseline -0.004 -32"><span class='ocrx_word' id='word_1_364' title='bbox 524 4455 560 4507; x_wconf 82' lang='lat' dir='ltr'>et</span> <span class='ocrx_word' id='word_1_365' title='bbox 583 4439 788 4525; x_wconf 86' lang='lat' dir='ltr'>septuaginta</span> <span class='ocrx_word' id='word_1_366' title='bbox 813 4461 896 4539; x_wconf 89' lang='lat' dir='ltr'>opus</span> <span class='ocrx_word' id='word_1_367' title='bbox 922 4456 1016 4504; x_wconf 88' lang='lat' dir='ltr'>esset.</span> <span class='ocrx_word' id='word_1_368' title='bbox 1060 4442 1145 4504; x_wconf 87' lang='lat' dir='ltr'>Nam</span> <span class='ocrx_word' id='word_1_369' title='bbox 1172 4440 1321 4506; x_wconf 90' lang='lat' dir='ltr'>detractis</span> <span class='ocrx_word' id='word_1_370' title='bbox 1346 4440 1559 4526; x_wconf 85' lang='lat' dir='ltr'>septuaginta,</span> 
     </span>
     <span class='ocr_line' id='line_1_43' title="bbox 524 4523 1561 4614; baseline -0.002 -24"><span class='ocrx_word' id='word_1_371' title='bbox 524 4526 669 4591; x_wconf 82' lang='lat' dir='ltr'>confiunt</span> <span class='ocrx_word' id='word_1_372' title='bbox 691 4523 789 4588; x_wconf 88' lang='lat' dir='ltr'>modo</span> <span class='ocrx_word' id='word_1_373' title='bbox 804 4525 893 4588; x_wconf 80' lang='lat' dir='ltr'>mille</span> <span class='ocrx_word' id='word_1_374' title='bbox 907 4539 1037 4590; x_wconf 88' lang='lat' dir='ltr'>centum</span> <span class='ocrx_word' id='word_1_375' title='bbox 1053 4537 1085 4589; x_wconf 88' lang='lat' dir='ltr'>et</span> <span class='ocrx_word' id='word_1_376' title='bbox 1100 4527 1265 4613; x_wconf 85' lang='lat' dir='ltr'>sexaginta</span> <span class='ocrx_word' id='word_1_377' title='bbox 1277 4527 1429 4614; x_wconf 89' lang='lat' dir='ltr'>quinque,</span> <span class='ocrx_word' id='word_1_378' title='bbox 1444 4526 1561 4612; x_wconf 87' lang='lat' dir='ltr'>quibus</span> 
     </span>
     <span class='ocr_line' id='line_1_44' title="bbox 516 4609 1558 4698; baseline -0.003 -21"><span class='ocrx_word' id='word_1_379' title='bbox 516 4610 733 4698; x_wconf 79' lang='lat' dir='ltr'>¹septuaginta</span> <span class='ocrx_word' id='word_1_380' title='bbox 747 4609 773 4673; x_wconf 94' lang='lat' dir='ltr'>si</span> <span class='ocrx_word' id='word_1_381' title='bbox 786 4610 956 4689; x_wconf 91' lang='lat' dir='ltr'>addideris,</span> <span class='ocrx_word' id='word_1_382' title='bbox 977 4624 1061 4675; x_wconf 80' lang='grc'><strong>1135.</strong></span> <span class='ocrx_word' id='word_1_383' title='bbox 1079 4610 1245 4678; x_wconf 87' lang='lat' dir='ltr'>habiturus</span> <span class='ocrx_word' id='word_1_384' title='bbox 1258 4634 1303 4677; x_wconf 90' lang='lat' dir='ltr'>es.</span> <span class='ocrx_word' id='word_1_385' title='bbox 1337 4611 1401 4676; x_wconf 89' lang='lat' dir='ltr'>Sed</span> <span class='ocrx_word' id='word_1_386' title='bbox 1418 4612 1558 4698; x_wconf 85' lang='lat' dir='ltr'>(opinor)</span> 
     </span>
     <span class='ocr_line' id='line_1_45' title="bbox 514 4695 1563 4789; baseline 0.001 -28"><span class='ocrx_word' id='word_1_387' title='bbox 514 4697 603 4763; x_wconf 68' lang='lat' dir='ltr'>anui</span> <span class='ocrx_word' id='word_1_388' title='bbox 616 4696 723 4764; x_wconf 87' lang='lat' dir='ltr'>Mosia</span> <span class='ocrx_word' id='word_1_389' title='bbox 738 4695 930 4784; x_wconf 86' lang='lat' dir='ltr'>octogesimi</span> <span class='ocrx_word' id='word_1_390' title='bbox 949 4709 1075 4789; x_wconf 86' lang='lat' dir='ltr'>partem</span> <span class='ocrx_word' id='word_1_391' title='bbox 1091 4695 1291 4780; x_wconf 74' lang='grc'><strong>1610010111,</strong></span> <span class='ocrx_word' id='word_1_392' title='bbox 1304 4711 1339 4765; x_wconf 89' lang='lat' dir='ltr'>et</span> <span class='ocrx_word' id='word_1_393' title='bbox 1350 4715 1470 4765; x_wconf 86' lang='lat' dir='ltr'>annum</span> <span class='ocrx_word' id='word_1_394' title='bbox 1483 4716 1563 4786; x_wconf 58' lang='lat' dir='ltr'>capr·</span> 
     </span>
    </p>
   </div>
   <div class='ocr_carea' id='block_1_5' title="bbox 0 0 2086 5675">
    <p class='ocr_par' dir='ltr' id='par_1_6' title="bbox 0 0 2086 5675">
     <span class='ocr_line' id='line_1_46' title="bbox 0 0 2086 5675; baseline 0 0"><span class='ocrx_word' id='word_1_395' title='bbox 0 0 2086 5675; x_wconf 95' lang='lat' dir='ltr'> </span> 
     </span>
    </p>
   </div>
  </div>
 </body>
</html>
