4092 5675
605 753 658 822 IN
679 753 900 822 AFRICANI
922 754 1057 820 EPIST.
1078 756 1143 822 AD
1167 753 1420 822 ORIGENEM.
1464 776 1523 844 203

495 949 596 1015 supra
608 939 787 993 memorata
799 924 946 1013 epistola,
961 926 1018 990 sed
1033 946 1121 989 mera
1135 924 1196 989 erit
1209 925 1402 1013 conjectura.
1436 927 1526 992 Idem

498 1013 702 1080 sentiendum
726 1013 766 1078 de
790 1011 871 1076 Caio
892 1013 992 1075 Basso
1015 1032 1111 1097 quem
1134 1010 1319 1077 Philastrius
1340 1012 1380 1076 de
1402 1013 1527 1076 Haeres.

497 1119 531 1186 p.
547 1114 596 1178 19.
610 1098 693 1163 inter
707 1098 875 1162 haereticos
887 1096 1127 1161 Valentinianos
1142 1111 1297 1161 numerat.
1334 1098 1427 1162 Illum
1443 1098 1529 1163 enim

475 1203 478 1208 ·
498 1184 560 1248 etsi
582 1184 770 1248 Philastrius
787 1183 869 1246 inter
889 1203 946 1245 eos
968 1182 1059 1268 ponit
1079 1181 1133 1267 qui
1155 1180 1335 1246 Cerdonem
1358 1204 1528 1268 praecesse-

498 1281 587 1348 runt,
601 1268 718 1334 eodem
733 1281 879 1354 tempore
893 1266 1041 1353 adjungit
1055 1267 1258 1346 Heracleoni,
1273 1269 1398 1347 Marco,
1413 1283 1445 1332 et
1459 1267 1529 1332 aliis

499 1353 733 1418 Valentinianis
746 1353 803 1439 qui
819 1352 966 1416 Cerdone
981 1364 1111 1417 mortuo
1125 1352 1277 1417 vixerunt.
1343 1355 1531 1417 uamobrem

500 1438 581 1504 nibil
595 1439 704 1504 obstat
718 1439 889 1524 quominus
912 1437 996 1502 idem
1021 1437 1175 1502 habeatur
1195 1460 1233 1501 ao
1252 1438 1305 1502 ille
1354 1461 1442 1503 assus
1461 1437 1531 1525 qui-

500 1543 575 1590 cum
588 1523 761 1611 disputavit
775 1523 944 1609 Origenes.
968 1523 1265 1588 Valentinianorum
1282 1524 1424 1588 omnium
1441 1545 1531 1588 com-

500 1609 607 1676 munis
628 1631 717 1674 error
736 1622 805 1673 erat
825 1630 896 1673 csse
917 1608 1064 1672 homines
1087 1613 1199 1672 natura
1219 1609 1322 1673 bonos
1341 1623 1397 1674 aut
1416 1607 1531 1672 malos.

501 1695 602 1760 Hunc
620 1716 761 1760 errorem
781 1694 899 1779 passim
923 1694 1069 1758 confutat
1083 1694 1295 1758 Adamantius
1317 1707 1349 1757 et
1371 1693 1534 1758 interdum

501 1778 603 1844 utitur
621 1779 762 1844 historiae
784 1780 936 1844 Susannae
954 1800 1044 1843 versu
1058 1786 1108 1844 ⁵6.
1145 1780 1198 1843 Sic
1213 1793 1293 1843 tom.
1304 1794 1353 1843 ao.
1369 1780 1402 1843 in
1415 1778 1532 1844 Johan.

502 1885 566 1930 non
579 1865 680 1951 longe
692 1866 733 1930 ab
748 1864 839 1928 initio
853 1866 919 1929 ait:
943 1866 978 1939 ὠς
997 1864 1024 1927 δέ
1043 1864 1098 1927 εἰσί
1115 1890 1184 1939 τινες
1197 1864 1309 1951 σπέρμα
1321 1871 1369 1928 τοῦ
1388 1862 1533 1949 Ἀὅρανὶμ,

501 1947 585 2026 οὕτως
599 1948 696 2029 ἄλλον,
710 1952 744 2026 ὥς
759 1955 772 2012 ὁ
786 1951 894 2028 Δαννῆλ
908 1968 983 2030 φησι,
996 1948 1050 2013 σπέ
1065 1977 1108 2031 μα
1121 1956 1169 2012 τοῦ
1184 1955 1300 2014 Χαναὰν
1315 1951 1362 2013 καὶ
1376 1954 1425 2014 οὔκ
1442 1949 1533 2013 Ἰάδα.

500 2033 704 2102 Daunus.
739 2035 817 2100 MS.
839 2034 969 2120 quidem
989 1977 1083 2098 Boaelt.
1106 2036 1139 2098 in
1159 2035 1305 2120 Epistola
1325 2035 1472 2122 Origenis
1492 2035 1534 2099 ad

502 2120 691 2186 Africanum
712 2118 794 2208 ἑτέρῳ
815 2125 877 2200 ἡμῖν
898 2141 958 2205 pro
981 2119 1079 2205 ἑταίρῳ
1100 2126 1174 2202 ἡμῶν
1191 2120 1309 2205 posuit,
1329 2121 1384 2184 sed
1406 2121 1534 2185 frustra.
1612 2189 1615 2198 ,

502 2208 656 2270 Attamen
694 2220 801 2291 ropter
816 2205 995 2270 dissensum
1004 2205 1074 2351 elius
1086 2205 1126 2268 de
1138 2225 1171 2268 re
1183 2205 1332 2291 quapiam
1344 2206 1385 2269 ab
1395 2205 1535 2290 Origene

502 2291 638 2358 Basstam
654 2290 661 2305 ’
689 2312 745 2355 um
757 2290 905 2373 ἀγνώμονα
922 2290 1080 2375 appelare
1096 2290 1265 2353 Africanus
1280 2290 1414 2355 videtur.
1458 2289 1534 2354 Cae·

502 2387 607 2446 terum
629 2373 806 2440 notandum
827 2388 886 2452 est,
903 2374 1201 2459 Interpretationem
1221 2375 1364 2460 epistolae
1378 2374 1537 2455 Africani,

503 2483 599 2548 quam
620 2460 729 2525 Sixtus
747 2460 894 2524 Senensis
912 2460 944 2523 in
960 2457 1155 2523 Bibliotheca
1170 2458 1285 2523 Sancte
1303 2482 1361 2525 sua
1380 2462 1535 2545 reposuit,

503 2567 643 2634 pnorem
664 2545 753 2611 illam
773 2567 841 2612 esse
862 2567 901 2610 ex
920 2545 1055 2625 duabus,
1072 2567 1151 2632 quas
1173 2558 1399 2631 composuerat
1412 2547 1536 2612 Herve·
1635 2628 1638 2634 .

539 2719 575 2784 P.
590 2734 659 2782 111.
671 2718 693 2782 l.
706 2734 754 2782 ll.
775 2722 811 2794 ὠς
824 2717 943 2805 ἔπρεπεν,
955 2718 1124 2801 ἠσπασάμην
1135 2718 1211 2803 τότε]
1225 2718 1387 2782 Nimirum
1400 2739 1440 2781 ex
1449 2740 1536 2784 reve·

502 2803 603 2869 tentia
616 2826 696 2890 erga
710 2804 885 2891 Origenem
904 2827 1010 2883 suum,
1026 2826 1065 2868 ne
1081 2804 1256 2890 disputatio
1277 2804 1344 2869 sine
1364 2806 1539 2870 necessaria

503 2910 598 2955 causa
608 2889 675 2954 inte
715 2889 874 2954 ellaretur.
897 2891 1064 2974 Perperam
1076 2890 1173 2968 enim,
1186 2890 1218 2953 ni
1230 2890 1336 2969 fallor,
1346 2890 1538 2956 Delaruaeus

503 2972 582 3041 dixit
603 2976 636 3039 in
651 2976 685 3039 A
705 2973 871 3038 monitione
890 2975 932 3041 ad
954 2996 1029 3062 pag.
1045 2989 1075 3039 8.
1097 2975 1259 3061 scripsisse
1274 2976 1476 3057 Africanum,
1491 2999 1537 3056 se,

504 3080 578 3125 cum
602 3060 780 3147 Origenem
807 3059 840 3123 in
864 3059 996 3145 dialogo
1020 3081 1097 3124 cum
1120 3061 1317 3146 Agnomone
1339 3064 1425 3144 (nam
1448 3063 1540 3149 quasi

502 3144 667 3232 proprium
682 3166 799 3225 nomen
815 3144 924 3223 fuerit,
939 3158 1006 3208 tam
1021 3144 1086 3223 ille,
1099 3167 1196 3230 quam
1209 3146 1422 3224 Wetstenius,
1433 3149 1538 3216 minus

503 3243 589 3295 recte
602 3230 708 3312 vertit)
726 3229 879 3294 audiisset
902 3229 1068 3293 historiam
1093 3230 1246 3293 Susannae
1264 3242 1417 3315 tanquam
1434 3254 1539 3303 veram

503 3312 574 3381 libri
593 3315 742 3381 Danielis
764 3328 888 3400 partem
909 3327 1229 3391 commemorantem,
1246 3315 1388 3400 primum
1432 3329 1538 3381 utasse

503 3420 569 3465 rem
581 3400 681 3465 istam
693 3401 739 3464 ita
750 3421 784 3463 se
796 3400 924 3464 habere.
947 3400 1019 3463 lmo
1032 3419 1106 3462 vero
1119 3398 1159 3462 de
1173 3398 1182 3461 i
1208 3421 1243 3463 so
1255 3420 1385 3485 quoque
1398 3337 1540 3486 drigene

504 3485 640 3551 affirmat
653 3486 748 3549 Joan.
763 3485 921 3563 Frickius‚
937 3485 968 3547 in
985 3484 1155 3548 Commeat.
1207 3507 1223 3547 e
1241 3485 1323 3549 Cara
1336 3483 1456 3549 Eccles.
1474 3486 1539 3552 Vet.

507 3570 597 3635 Circa
621 3571 776 3635 &nonem
803 3569 835 3634 S.
861 3569 1044 3653 Scriptaroe,
1066 3568 1220 3656 quicquid
1244 3568 1297 3634 ille
1322 3591 1381 3655 pro
1408 3569 1541 3636 historia

506 3654 661 3722 Susannae
683 3655 826 3735 senserit,
848 3668 882 3719 et
903 3655 945 3720 ad
966 3654 1158 3718 Africanum
1181 3654 1335 3741 scriptum
1359 3654 1540 3740 protulerit,

504 3741 618 3827 privati
639 3740 781 3804 hominis
800 3739 910 3816 fuisse,
929 3761 1004 3805 curn
1028 3762 1185 3826 nusquam
1208 3740 1262 3804 ille
1283 3739 1484 3823 respondeat,
1506 3762 1540 3815 se

505 3846 577 3891 eum
597 3825 738 3890 ecelesia
757 3825 874 3889 sentire
896 3825 941 3889 ita
960 3838 993 3888 ct
1011 3824 1135 3910 opinari
1141 3848 1152 3902 3
1173 3845 1243 3908 cap.
1258 3824 1290 3888 ii.
1312 3826 1342 3905 §.
1354 3841 1384 3902 9.
1468 3839 1539 3891 .⁵2.

505 3910 623 3976 fficbit'
637 3909 880 3975 Meleterrrctum
898 3911 969 3974 Ver.
1005 3909 1054 3972 At
1075 3929 1148 3972 vero
1169 3930 1263 3994 super
1281 3908 1367 3972 hunc
1384 3909 1407 3973 li
1461 3909 1541 3989 lum,

505 3998 608 4147 ffln
622 3995 767 4060 versione
785 4003 840 4059 τῶν
860 3995 884 4058 o'.
906 3994 1046 4071 extabat,
1066 4005 1318 4056 commentatum
1338 3992 1435 4058 fuisse
1451 4017 1541 4080 quae-

592 4082 628 4146 S.
643 4079 863 4168 Hippolytum
877 4079 980 4156 vide0,
992 4090 1145 4222 tanquam
1160 4077 1186 4140 si
1201 4077 1281 4141 liber
1294 4097 1384 4141 sacer
1398 4079 1496 4145 fuerit
1508 4094 1542 4146 et

505 4168 676 4245 θεαινενςος,
686 4187 788 4252 eaque
800 4187 865 4228 non
876 4175 1001 4227 tantum
1014 4183 1034 4224 a
1076 4161 1243 4224 ombefisio
1253 4160 1309 4224 sed
1322 4175 1354 4226 et
1365 4186 1384 4227 a
1396 4165 1542 4246 Fabricio

505 4265 661 4339 tanquam
730 4251 827 4315 nuina
847 4248 944 4312 edita.
995 4244 1197 4330 Hippolytus
1219 4259 1327 4309 autem
1350 4248 1430 4313 Julii
1450 4249 1541 4314 Afri-

504 4336 853 4492 mlbiiliillilssfbiilce
871 4416 1054 4500 σῦγγραμμα
1076 4412 1152 4493 &c.]
1174 4413 1227 4477 Sic
1249 4428 1335 4480 recte
1356 4415 1458 4480 codex
1479 4417 1542 4480 Re·

504 4505 592 4593 glus.
630 4503 857 4581 Wetsthenius
870 4522 966 4565 vero:
988 4497 1084 4571 ἄλλως
1104 4497 1285 4582 σῦγῖραμμα,
1300 4504 1380 4563 ἄλλα
1397 4499 1542 4584 σῦγίραμ-

503 4618 549 4675 μα
566 4591 724 4676 νεωτερικὸν
742 4590 780 4666 δὲ,
797 4588 857 4651 διο.
872 4607 931 4650 nec
944 4583 1037 4648 aliter
1053 4580 1134 4666 legit
1155 4582 1371 4649 Hoeschelius.
1393 4583 1542 4653 Danaa.

504 4676 553 4742 At
577 4672 778 4742 Hoescbelt'es
802 4670 901 4744 habet
925 4668 1020 4745 ἄλλως
1045 4693 1075 4731 τι
1098 4663 1230 4751 γράμμα·
1260 4671 1339 4735 ἀλλὰ
1361 4667 1543 4755 σύγῐραμμα,
