4092 5675
525 758 580 827 m
597 755 743 824 auou.
759 756 898 824 auca.
920 756 1107 826 cauam
1128 756 1324 827 caram.
1397 783 1440 852 93

406 926 487 996 dum
501 929 660 1016 arguebat
671 941 705 994 et
720 927 816 1017 objur
839 929 924 994 abat.
967 928 1051 994 Vide
1065 928 1276 995 Ambrosium
1292 931 1324 996 in
1339 931 1442 1017 Epist.

405 1013 448 1080 ad
467 1014 615 1080 Thessal.
634 1037 704 1102 cap.
720 1031 749 1080 5.
826 1014 898 1102 ujus
918 1014 1013 1078 verba
1033 1014 1085 1078 hic
1106 1030 1268 1082 merentur
1290 1017 1440 1082 adscribi.

406 1099 494 1166 Hinc
519 1111 566 1164 est
590 1101 671 1165 unde
694 1111 725 1164 er
747 1099 879 1164 Joannis
903 1099 1033 1185 apostoli
1057 1099 1198 1184 epistola.
1248 1102 1371 1181 Nolite,
1393 1102 1442 1167 in-

405 1186 489 1274 quit,
505 1187 597 1251 omni
616 1186 741 1273 spiritui
755 1184 894 1262 credere,
910 1184 965 1248 sed
980 1185 1114 1271 probate
1131 1188 1260 1272 spiritus
1275 1188 1301 1251 si
1316 1209 1355 1250 ex
1368 1188 1442 1252 Deo

405 1285 492 1336 sunt.
516 1272 592 1358 quia
605 1271 632 1336 si
646 1271 748 1335 multa
762 1270 838 1336 lona
855 1270 950 1349 dicat,
965 1272 998 1334 iu
1018 1269 1121 1357 aliquo
1143 1283 1247 1335 autem
1269 1272 1351 1358 quod
1359 1272 1442 1358 fidei

406 1356 570 1422 aduersum
584 1368 631 1422 est
642 1368 776 1442 promat,
787 1356 903 1420 sciatur
917 1379 977 1420 non
991 1378 1053 1419 esse
1067 1356 1201 1441 Spiritus
1215 1358 1356 1422 Sanctus.
1380 1359 1442 1421 Ni-

407 1441 454 1506 ltil
466 1441 550 1506 enim
565 1443 676 1508 erroris
691 1441 725 1506 iu
741 1442 862 1527 Spiritu
878 1441 989 1505 Sancto
1001 1442 1117 1526 poterit
1131 1443 1271 1527 reperiri.
1311 1442 1373 1507 sed
1386 1454 1441 1508 aut

403 1542 462 1613 per
482 1528 664 1592 eueroitium
690 1526 815 1625 eloquii,
841 1527 985 1614 quaedam
1010 1526 1180 1610 spiritalia,
1202 1527 1348 1614 quoedam
1373 1552 1442 1594 uero

407 1611 560 1691 carnalia,
575 1613 650 1700 quia
665 1635 762 1677 omms
776 1636 861 1677 error
875 1611 960 1676 carni
976 1613 1142 1697 deputatur
1151 1639 1163 1690 ,·
1185 1624 1240 1676 out
1263 1622 1342 1677 certe
1360 1636 1442 1678 com-

405 1708 510 1764 mento
524 1700 659 1786 quodam
674 1698 802 1764 astutiae
818 1696 895 1761 lona
902 1697 1016 1783 fingit,
1031 1708 1066 1761 ut
1082 1697 1129 1762 lis
1144 1699 1259 1762 inserat
1273 1698 1369 1777 mala,
1384 1700 1443 1763 sic-

406 1794 561 1870 utsupra
584 1784 774 1849 memoravi:
803 1783 1057 1870 quemadmodum
1076 1783 1109 1848 in
1126 1783 1278 1848 Montano
1301 1794 1331 1847 et
1353 1785 1443 1851 Pris-

406 1868 483 1940 cilla
497 1880 529 1934 et
545 1868 735 1934 Maximilla
747 1868 904 1954 propletis
918 1867 1191 1956 Cataplrygarum
1204 1868 1340 1966 Spiritus
1352 1893 1443 1937 muu-

406 1954 440 2020 di
454 1954 630 2020 imitatione
645 1955 713 2019 loni
727 1953 906 2032 simulabat,
920 1965 955 2017 ut
972 1972 1029 2038 per
1048 1953 1150 2018 multa
1168 1954 1360 2034 verisimilia,
1374 1980 1444 2021 neo-

405 2063 467 2106 non
489 2051 520 2104 et
542 2064 627 2120 uera,
641 2040 824 2106 mentiretur
840 2062 872 2105 se
890 2062 952 2104 esse
969 2038 1121 2124 Spiritum
1138 2039 1295 2104 Sanctum.
1317 2042 1443 2108 Vm-

409 2147 506 2192 elus.

449 2213 485 2276 P.
501 2223 553 2289 77.
573 2211 595 2276 l.
608 2224 639 2277 4.
661 2211 702 2275 ὅτι
719 2212 788 2295 μήτε
804 2213 896 2297 τιμὴν]
916 2211 1047 2276 Omittit
1062 2213 1179 2300 Margo
1194 2213 1241 2277 ed.
1257 2213 1370 2280 Genea.
1386 2216 1443 2279 sed

410 2297 586 2383 Cletistopll.
601 2298 670 2380 μήτε
684 2298 798 2382 πάροδον
813 2303 848 2371 εἰς
862 2301 944 2374 αὐτὴν
959 2298 1028 2379 μήτε
1039 2297 1130 2379 τιμήν.
1145 2300 1315 2363 STROTH.
1336 2300 1444 2366 Verba

391 2381 448 2448 -δτο
461 2384 532 2465 μήτε
546 2387 628 2466 τομὴν
644 2405 747 2469 neque
762 2383 826 2446 cod.
844 2381 942 2446 Saoil.
959 2405 1015 2446 seu
1030 2382 1121 2445 Bodl.
1137 2384 1295 2532 agnoscit.

450 2469 536 2534 Ibid.
552 2468 575 2532 l.
589 2481 619 2545 7.
642 2473 678 2544 εἰς
691 2475 771 2532 τοῦτο
786 2468 981 2552 συνελθόντων]
1002 2467 1156 2555 Christop
1181 2490 1314 2532 orsonus
1329 2469 1445 2555 legisse

407 2553 534 2618 videtur
547 2559 584 2629 εἰς
597 2554 693 2618 τοῦτο’.
716 2556 922 2619 Vetusius.

451 2639 536 2704 ibid.
553 2640 575 2703 l.
588 2655 637 2703 22.
660 2642 786 2702 Ἐτεοδοὶν
800 2637 886 2702 τοίνυν
902 2639 976 2721 &c.]
994 2638 1149 2702 Praemisit
1164 2639 1332 2705 Eusebius.
1365 2646 1446 2705 Ταῦ-

408 2749 446 2786 τα
460 2729 487 2788 ἐν
501 2724 625 2810 πρώτοις
641 2725 778 2810 ἶςορησας,
792 2725 839 2788 καὶ
851 2726 882 2787 δι’
895 2723 958 2787 δλου
971 2730 1019 2787 τοῦ
1033 2722 1249 2810 συγῖςάμμοιτος
1262 2728 1308 2788 τὸν
1325 2725 1445 2813 ἔλεγχον

409 2815 455 2887 τῆς
470 2812 535 2875 κατ’
551 2812 647 2885 αὐτοὺς
662 2810 773 2887 πλάνης
788 2808 951 2895 ἐπαγαγών·
975 2814 1001 2873 ἐν
1020 2810 1061 2894 τῷ
1083 2809 1194 2895 δευτέρῳ
1208 2813 1275 2897 περὶ
1289 2818 1336 2889 της
1349 2829 1446 2878 τελευ-

410 2901 455 2973 τΐης
479 2902 535 2959 τῶν
557 2895 804 2983 προδεδηλωμένων
829 2903 920 2959 ταῦτα
943 2894 1032 2976 φησίν·
1061 2898 1261 2959 ἘΠΕΙΔΑΝ
1281 2899 1368 2962 τοίνυν
1384 2900 1444 2965 &c.

411 2980 473 3045 His
495 2982 528 3045 in
549 2980 701 3066 principio
724 2981 822 3066 operis
844 2984 1093 3058 commemoratis,
1109 3003 1145 3045 ac
1163 2997 1220 3066 per
1242 2994 1339 3046 totum
1359 2985 1447 3049 dein·

412 3080 478 3151 ceps
489 3066 605 3131 librum
620 3067 828 3152 confutatione
842 3066 966 3130 illorum
981 3066 1092 3129 erroris
1107 3067 1237 3150 arljecta,
1252 3070 1445 3152 supradictus

412 3152 543 3237 scriptor
557 3152 590 3215 in
604 3153 731 3216 sectando
745 3151 821 3215 lilro
841 3152 878 3215 de
899 3151 1023 3216 illorum
1038 3174 1112 3238 quos
1126 3152 1194 3215 dini
1208 3153 1291 3217 olitu
1307 3154 1353 3218 ita
1368 3158 1445 3220 scri-

413 3230 478 3302 lit:
503 3238 706 3337 QUANDO
730 3236 828 3324 igitur
855 3238 915 3301 8ου.
959 3239 1013 3299 ἐπεὶ
1041 3239 1069 3315 δὴ
1094 3258 1154 3322 pro
1177 3241 1291 3317 ἐπειδὰν,
1315 3256 1446 3306 notante

413 3321 570 3400 Strothio,
582 3322 680 3387 habet
695 3322 894 3407 Niceplorus.

453 3407 539 3472 lbid.
562 3408 799 3493 upopnropo'vrat]
815 3416 1039 3494 τροφητοφῶντας
1056 3406 1205 3491 Stephani
1219 3408 1295 3470 MS.
1315 3409 1381 3490 (hic
1397 3425 1446 3476 est

413 3491 544 3575 Medic.)
557 3494 675 3582 Margo
692 3495 738 3558 ul.
758 3495 870 3558 Genea.
886 3510 919 3557 ot
933 3495 1051 3581 Margo
1062 3493 1220 3558 Jonesiani
1233 3494 1446 3579 Enernplaris.

415 3578 584 3644 STROTH.
627 3578 845 3665 arpapnrirorrug
862 3580 962 3666 (quod
978 3592 1084 3664 potest
1098 3579 1378 3665 προφητοκτεῖυοντοος
1392 3584 1446 3648 fu-

413 3661 485 3746 isse)
503 3679 636 3752 praestat
651 3666 728 3731 MS.
745 3665 811 3728 Nor
827 3663 882 3728 olo.
897 3677 929 3728 et
942 3669 980 3746 μὴ
996 3665 1128 3729 omittit.

456 3750 541 3815 lbid.
557 3750 580 3814 l.
591 3764 640 3815 23.
663 3753 877 3835 ἁμετροφωνους]
892 3750 1019 3814 Alludit
1033 3750 1071 3813 ad
1084 3749 1261 3835 epithetum
1277 3750 1369 3829 illud,
1380 3776 1447 3840 quo

415 3834 579 3902 Homerus
608 3835 641 3899 in
672 3836 771 3899 Iliade
799 3836 976 3899 Thersitem
1007 3836 1123 3912 affecit,
1151 3839 1328 3922 ἀμετροεπὴς,
1358 3839 1446 3924 quod

414 3918 498 3991 idem
513 3936 563 3985 est
577 3943 614 3984 ac
630 3921 828 4007 falsiloquus.
872 3923 959 3985 Nam
976 3920 1032 4006 qui
1050 3920 1256 4000 mentiuntur,
1275 3921 1397 3986 nullum
1413 3925 1446 3989 in

416 4004 551 4070 dicendo
580 4006 712 4070 modum
738 4028 858 4070 servare
883 4006 998 4069 solent.
1020 4007 1052 4068 V
1057 4027 1229 4069 anesius.
1274 4011 1325 4081 τὰς
1345 4013 1446 4096 ἀμετρ.

415 4095 502 4155 αὐτῶν
516 4091 686 4178 προφητείας
700 4092 882 4174 ἐξεδεξάμεὸα
895 4090 1102 4176 Nicephorus
1117 4092 1234 4175 posuit.

455 4176 542 4240 Ibid.
557 4177 579 4240 l.
593 4183 642 4239 26.
664 4185 717 4240 τῶν
731 4178 879 4261 γυναικῶν]
897 4184 950 4239 τῶν
968 4176 1087 4261 praefixi
1105 4190 1179 4261 post
1191 4176 1292 4241 MSS.
1308 4179 1399 4245 Bodl.
1415 4196 1450 4247 et

418 4258 554 4347 Norfolc.
575 4260 858 4347 Nicephorumque,
875 4262 928 4325 cui
948 4262 1079 4325 lectioni
1100 4261 1182 4324 favet
1201 4262 1280 4326 illud
1302 4265 1385 4330 infra
1406 4267 1447 4332 ad

417 4365 448 4431 p.
459 4360 508 4411 83.
521 4346 547 4431 Ι1.
562 4361 590 4408 1.
604 4348 665 4421 τοὺς
679 4347 732 4409 ἀπὸ
749 4347 881 4409 Μοντάνν
896 4347 917 4430 ’l
931 4353 984 4409 mir
998 4354 1145 4430 γυναικῶν.
1170 4347 1268 4413 Couf.
1281 4364 1313 4414 et
1328 4372 1360 4436 p.
1376 4366 1424 4415 81.

458 4433 493 4496 Ρ.
504 4446 556 4507 78.
571 4431 592 4496 l.
605 4446 635 4495 2.
658 4432 724 4518 linig
745 4440 792 4494 τοῦ
814 4430 956 4515 ὀνόματος]
976 4434 1012 4494 In
1035 4432 1223 4517 Nicephoro
1243 4434 1363 4519 legitur
1383 4438 1464 4524 iuipx

418 4524 463 4580 τοῦ
477 4518 569 4599 νόμου,
585 4516 673 4603 quod
688 4539 752 4580 non
791 4517 880 4580 roba.
905 4517 1093 4582 subauditur
1110 4518 1194 4582 enim
1214 4527 1261 4582 τοῦ
1281 4525 1395 4604 Χροςοῦ,
1411 4538 1449 4588 ut

420 4600 548 4671 Rufinus
562 4614 596 4665 et
612 4540 923 4687 Christopliorsonus
943 4602 1110 4753 supplevit.
1147 4605 1198 4668 Sic
1218 4604 1298 4667 infra
1312 4626 1382 4690 cap.
1401 4622 1448 4672 le.

419 4684 556 4773 loquitur
579 4687 785 4774 Apollonius,
806 4687 862 4752 ubi
884 4686 924 4752 de
947 4687 1130 4754 Aexandro
1152 4692 1260 4776 (supra
1282 4711 1355 4776 pag.
1369 4695 1447 4776 ss).
