4092 5675
606 796 672 875 228
731 790 736 796 ’
945 789 1307 868 ANNO'FATIONES

605 974 685 1040 dum
710 993 782 1039 esse
807 968 877 1060 ἄχρι
901 972 1152 1073 ἀφχιπφοοηλῦτων
1177 972 1324 1081 putabat.
1373 969 1481 1036 Malel
1507 989 1647 1061 namque

604 1057 703 1127 lectio
722 1058 793 1146 ἄχρι
815 1082 834 1123 a
854 1057 984 1123 librario
998 1058 1087 1124 verbi
1098 1063 1271 1145 ἀναφεφεθοφ
1286 1058 1349 1122 vim
1364 1080 1430 1122 non
1443 1057 1640 1146 intelligente

604 1146 752 1234 profectu
764 1157 825 1223 est,
841 1166 939 1231 quam
955 1166 1086 1232 quoque
1102 1144 1240 1210 Valesius
1255 1145 1372 1231 pariter
1391 1165 1429 1209 ac
1448 1156 1565 1209 auctor
1578 1145 1640 1209 lee-

605 1231 702 1297 tionis
717 1228 949 1320 ἁναφανςομένων,
963 1254 1036 1317 quae
1050 1244 1100 1295 est
1113 1231 1146 1294 in
1160 1232 1272 1317 Murg.
1288 1231 1402 1295 Geneu.
1417 1251 1483 1294 non
1497 1230 1641 1296 intellex-

604 1317 669 1392 isse
694 1317 828 1382 videtur.
873 1316 956 1381 Sunt
973 1328 1082 1381 autem
1103 1317 1293 1406 ἀναφερόμενοι
1318 1316 1351 1380 h.
1367 1317 1391 1381 l.
1414 1316 1447 1380 in
1473 1337 1642 1381 numerum

603 1403 795 1471 Judaeorum
810 1402 903 1468 relati
917 1410 1094 1489 eorumque
1108 1402 1183 1502 jura
1196 1424 1234 1465 ac
1248 1402 1414 1490 privilegia
1427 1401 1550 1490 adepti,
1567 1423 1643 1490 quos

604 1505 665 1555 nos
679 1490 817 1555 dicimus
832 1485 1057 1553 naturalisirte.
1087 1488 1207 1552 Similis
1222 1488 1298 1553 huic
1313 1488 1460 1575 ejusdem
1474 1489 1566 1553 vocis
1581 1488 1644 1576 sig·

605 1576 747 1641 nificatio
758 1576 840 1639 infra
851 1574 990 1639 occurrit
1000 1574 1059 1639 lib.
1068 1576 1109 1639 vi.
1121 1596 1193 1660 cap.
1204 1589 1234 1639 5.
1251 1574 1286 1649 εἷς
1299 1600 1340 1649 τις
1353 1574 1389 1638 οόν
1401 1583 1455 1638 τῶν
1466 1578 1494 1637 ἓν
1506 1574 1645 1659 epartius

605 1663 820 1750 ἀναφερομένων.
843 1663 893 1725 Eo
903 1682 977 1725 vero
988 1682 1158 1748 sensuque
1173 1659 1310 1724 Valesius
1320 1660 1382 1725 h.l.
1393 1681 1507 1725 vocem
1517 1660 1645 1747 accipit,
1662 1689 1664 1694 ·

605 1769 703 1834 supra
716 1749 749 1812 iu
763 1747 826 1811 hoe
842 1746 945 1832 capite
958 1748 1158 1824 occurrebat,
1175 1747 1278 1831 Μελχὶ
1299 1751 1312 1809 ὁ
1332 1747 1375 1809 ἐπὶ
1388 1748 1434 1809 τὸν
1446 1746 1555 1826 Νάθαν
1572 1750 1646 1809 κατὰ

605 1832 683 1917 γένος
694 1829 889 1920 ἀναφερόμενος
898 1845 932 1895 et
943 1832 1039 1918 paulo
1049 1846 1124 1918 post
1135 1832 1176 1895 de
1187 1833 1277 1896 Luca
1283 1836 1331 1911 τὴν
1341 1836 1480 1919 ἀναφοφοὶν
1490 1831 1647 1914 sesquipe-

605 1940 648 1994 νος
661 1918 709 1993 ἕως
719 1926 757 1982 τὲ
770 1917 876 2001 Ἀδάμ.
898 1919 1017 1983 Veram
1028 1932 1134 1982 autem
1144 1938 1213 1981 esse
1225 1930 1367 1982 nostram
1378 1918 1465 1981 vocis
1474 1915 1647 2005 ἀναφερομέ-

605 2030 656 2069 νων
670 2004 928 2092 explicationem,
944 2022 978 2069 ut
1001 2026 1043 2067 ue
1060 2003 1141 2067 adeo
1162 2004 1265 2089 ipsam
1280 2003 1452 2068 lectionem
1467 2007 1647 2092 ἀφχνπςοοη-

603 2090 707 2169 λύτων,
718 2113 757 2155 ex
765 2090 857 2154 variis
869 2027 1047 2154 rationilsus
1056 2102 1157 2176 patet.
1182 2105 1209 2152 1.
1219 2089 1350 2176 Triplex
1361 2089 1531 2153 hominum
1542 2111 1647 2175 genus

603 2188 890 2255 commemoratur,
903 2198 1042 2263 quorum
1057 2175 1210 2263 quodque
1221 2177 1351 2239 nomine
1364 2176 1425 2239 sibi
1439 2176 1647 2242 conveniente

604 2274 751 2343 notatur3
768 2285 869 2328 unum
880 2263 943 2326 κατ’
957 2265 1056 2348 ἐξοχὴν
1065 2260 1141 2348 γένη,
1151 2260 1288 2326 altorum
1300 2262 1502 2372 &supplicum
1513 2261 1647 2326 tertium

605 2348 742 2432 ἐπίμικτον
758 2362 899 2413 vocatur.
942 2363 971 2411 2.
987 2349 1037 2412 Ex
1054 2348 1156 2413 verbis
1173 2353 1228 2410 τῶν
1246 2349 1293 2410 ἀπ’
1308 2350 1445 2432 Αἰγιναῖον
1460 2347 1646 2412 συνεκπονῶ-

580 2450 586 2466 “
604 2460 659 2500 των
673 2435 830 2521 particula
848 2461 880 2498 τε
894 2457 970 2498 curn
985 2433 1239 2520 praecedentibus
1257 2432 1380 2521 junctis
1394 2445 1540 2520 apparet,
1556 2432 1647 2498 Afri-

605 2544 722 2586 canum
738 2521 779 2585 de
794 2517 1027 2606 antiquioribus
1044 2519 1228 2584 hominibus
1243 2532 1404 2583 eteorum
1417 2541 1537 2605 genere
1552 2519 1647 2585 deor-

604 2629 677 2671 sum
692 2607 803 2686 ducto,
818 2628 884 2669 non
900 2605 940 2669 de
955 2605 1186 2670 recentioribus
1200 2626 1237 2669 ac
1251 2627 1369 2691 genere
1383 2606 1501 2669 horum
1516 2627 1646 2671 sursum

603 2693 704 2755 ducto
727 2713 784 2755 seu
810 2690 851 2755 ad
875 2690 939 2755 anti
963 2691 1068 2755 uiores
1090 2690 1191 2755 relato
1212 2690 1314 2779 loqui.
1357 2706 1388 2756 3.
1410 2692 1497 2772 Deni
1520 2713 1564 2756 ue
1578 2693 1647 2780 ipm

603 2777 744 2842 auctoris
769 2714 1021 2863 explicatioqhoc
1043 2777 1250 2842 manifestum
1269 2776 1383 2858 reddit,
1398 2799 1491 2842 eum·
1518 2777 1576 2843 ‘eit
1589 2799 1648 2867 per

603 2868 639 2948 ἀφ
667 2863 861 2950 νπφοσηλύτους
875 2862 1087 2947 ἀναφερομένους
1106 2863 1207 2927 intelli
1233 2864 1243 2927 i
1264 2863 1424 2951 ejusmodi
1444 2864 1648 2949 homineslut

599 2950 654 3014 'Ae
680 2949 728 3013 ior
742 2961 775 3013 et
789 2947 878 3013 Ruth
889 2976 899 3033 3
922 2971 998 3013 cum
1021 2949 1099 3013 alias
1122 2949 1183 3035 ipsi
1203 2885 1378 3014 <licendum
1396 2949 1510 3015 fuisset
1531 2953 1569 3026 ὥς
1592 2954 1648 3015 τῶν

602 3033 674 3123 ἄχρι
688 3041 736 3098 τοῦ
751 3033 872 3122 Ἀχιῶφ.
918 3034 1023 3099 Facile
1042 3057 1126 3099 nune
1142 3058 1271 3122 quoque
1284 3049 1418 3122 apparet
1432 3036 1566 3136 quinam
1582 3037 1647 3101 sint

602 3124 622 3184 ἀ
666 3122 851 3207 νπροοήλοτον,
876 3120 1028 3185 nimirum
1055 3121 1078 3185 ii
1103 3121 1260 3221 proselyti
1281 3143 1420 3208 quorum
1440 3144 1474 3185 m
1495 3123 1595 3188 sacris
1612 3135 1647 3187 et

601 3228 622 3270 a
635 3207 672 3272 iis
692 3207 883 3273 Judaeorum
905 3207 993 3272 libris
1015 3221 1138 3271 mentio
1159 3207 1206 3285 fit,
1222 3208 1341 3294 quique
1355 3207 1471 3271 horum
1487 3208 1646 3272 librorum

601 3295 788 3359 testimonio
804 3294 943 3358 illustres
963 3294 1040 3357 faeti
1061 3306 1146 3357 sunt.
1189 3294 1338 3380 Denique
1352 3292 1487 3357 dubium
1504 3316 1571 3357 non
1585 3306 1646 3373 est,

598 3380 789 3474 'quin'plane
810 3379 1019 3528 repiciendum
1044 3381 1086 3444 sit
1106 3378 1187 3529 cippi,
1206 3393 1319 3465 utpote
1337 3379 1456 3442 librarii
1481 3400 1590 3459 errore
1605 3402 1646 3445 ex

599 3469 673 3554 ὀἷςχν
689 3479 808 3530 ortum.
857 3487 1002 3529 ruoru.
1047 3466 1124 3528 Hau
1168 3487 1207 3528 eo
1229 3465 1334 3529 valent
1353 3465 1423 3528 haee
1439 3478 1645 3550 argumenta,

601 3567 639 3615 ut
664 3550 744 3615 mihi
765 3551 894 3637 quidem
908 3550 1004 3614 lectio
1018 3572 1156 3635 praesens
1178 3550 1355 3636 displiceat,
1370 3550 1465 3614 verba
1486 3550 1574 3615 euim
1591 3558 1646 3614 τῶν

602 3637 673 3722 ἀχρὶ
687 3636 874 3723 προσηλύτων,
888 3658 963 3722 quae
979 3658 998 3698 a
1011 3634 1177 3700 codicibus
1190 3638 1306 3700 nostris
1320 3635 1418 3700 Suuil.
1432 3658 1490 3700 seu
1500 3636 1598 3702 Bodl.
1611 3651 1646 3702 et

602 3721 744 3808 Illorfolc.
761 3722 934 3800 firmantur,
951 3721 1074 3808 optime
1088 3723 1281 3786 conveniunt
1296 3745 1371 3786 oum
1387 3744 1463 3785 mox
1478 3722 1646 3810 sequenti·

602 3809 665 3872 bus
679 3807 720 3871 ad
733 3808 788 3871 lin.
801 3821 848 3870 10.
885 3809 957 3870 Imo
970 3828 1045 3871 vero
1060 3808 1156 3870 scribi
1169 3822 1288 3892 potest,
1305 3809 1328 3871 si
1345 3808 1456 3885 mavis,
1471 3807 1520 3882 ἕως
1533 3830 1597 3894 pro
1608 3808 1646 3884 ὥς

602 3907 677 3958 ante
696 3892 809 3981 Ἀχῖωφ
830 3915 869 3957 ex
891 3893 1005 3956 eodem
1020 3893 1097 3956 MS.
1116 3892 1214 3957 Suuil.
1238 3908 1335 3980 atque
1350 3893 1531 3977 Meeplioro.
1578 3886 1646 3960 sed

602 3977 733 4064 Rufium
755 3982 788 4053 ὥς
813 3977 967 4043 invenisse
989 3979 1123 4057 videtur,
1137 4002 1197 4042 nee
1211 3979 1405 4043 mutandum
1420 3979 1498 4064 quid
1514 4000 1648 4060 censeo,

602 4065 630 4127 si
653 4064 716 4128 hoc
741 4064 838 4128 modo
858 4064 968 4129 locum
989 4065 1228 4150 interpreteris:
1256 4067 1335 4128 Cum
1356 4063 1522 4148 descriptas
1544 4077 1647 4131 essent

603 4148 809 4214 Helroeoruru
823 4173 923 4215 omues
929 4150 1088 4248 seruilius,
1104 4150 1388 4236 qrtoequefuruilioe
1402 4150 1444 4213 ud
1454 4151 1648 4239 proselytus,

601 4245 639 4298 ut
652 4235 768 4299 Achior
786 4237 1010 4314 Ανννννοανννίεννο,
1032 4247 1063 4299 et
1086 4236 1170 4300 Rutu
1193 4235 1411 4313 Moabitidem,
1431 4258 1531 4332 genus
1554 4258 1647 4301 suum

602 4320 788 4408 efferebant,
801 4332 830 4384 et
844 4322 885 4385 ud
896 4345 944 4385 eos
956 4322 1010 4410 qui
1019 4345 1058 4386 ex
1066 4320 1212 4408 AEgypto
1224 4318 1322 4386 simul
1331 4343 1445 4409 egressi
1457 4333 1529 4385 suut
1541 4322 1648 4387 lsrae-

602 4405 670 4472 litis
682 4406 844 4492 permixti,
863 4407 922 4471 &e
970 4407 1135 4472 Caeternm
1155 4407 1243 4472 illud·
1257 4407 1290 4470 in
1312 4407 1544 4492 superioribus,
1561 4413 1598 4484 εἷς
1612 4412 1648 4474 τὸ

601 4495 677 4572 τότε,
695 4493 782 4580 quod
802 4492 915 4558 codices
932 4494 1031 4558 nostri
1054 4515 1183 4580 quoque
1198 4492 1328 4573 habent,
1344 4491 1507 4558 Strothius
1522 4494 1557 4560 in
1571 4509 1645 4560 tex-

601 4591 674 4644 tum
688 4578 819 4666 recepit.

648 4667 680 4727 P.
697 4680 764 4728 122.
780 4665 801 4729 l.
815 4679 845 4728 5.
870 4669 883 4726 t
903 4665 944 4727 ‘H
961 4664 1041 4748 ώὸης]
1065 4664 1248 4729 Articulum
1272 4687 1311 4729 er
1335 4665 1410 4730 MS.
1433 4664 1528 4728 Bodl.
1551 4666 1646 4730 Nire-

588 4749 759 4838 ·plwroque
773 4750 889 4838 recepi
953 4772 995 4815 ox
1008 4753 1069 4833 psl
1083 4749 1170 4816 liuor
1183 4773 1241 4839 per
1255 4751 1476 4840 synalaepharn
1488 4750 1624 4838 Nrcepi.
