4092 5675
610 747 672 815 218
945 746 1304 815 ANNOTATIONES
1325 811 1328 820 ,

608 943 648 986 ex
661 919 772 986 eadem
786 929 884 1004 gente
897 916 1052 983 Dauidica
1067 918 1222 1005 originem
1238 918 1410 999 ducebant,
1421 920 1543 987 mutuis
1557 918 1643 992 inter

608 1029 643 1072 se
667 1004 835 1070 connubiis
857 1016 969 1089 postea
989 997 1151 1090 rejunctos
1174 1005 1282 1069 fuisse.
1325 1006 1446 1070 Verum
1469 1006 1534 1072 hoc
1550 1007 1640 1089 dicit,

610 1091 832 1179 generationes
848 1088 929 1166 illas,
944 1104 1014 1153 turn
1036 1112 1107 1175 quae
1126 1112 1146 1153 a
1164 1090 1324 1170 Nathane,
1339 1104 1409 1155 tum
1425 1115 1499 1178 quae
1512 1115 1533 1158 a
1546 1094 1639 1159 Salo·

609 1198 705 1242 mone
720 1175 891 1253 ducuntur,
906 1174 1059 1260 impleras
1080 1197 1148 1239 esse
1167 1191 1264 1261 atque
1281 1176 1453 1256 intricatas,
1468 1179 1514 1242 ob
1526 1201 1641 1244 secun-

609 1261 667 1327 das
691 1261 811 1325 scilicet
833 1262 958 1345 nuptias
980 1260 1145 1325 viduarum
1166 1274 1199 1324 et
1221 1262 1378 1325 seminum
1405 1263 1639 1345 suscitationes,

631 1371 681 1413 uae
704 1348 735 1410 in
758 1346 867 1410 multis
886 1346 1129 1431 generationum
1147 1346 1273 1410 illarum
1287 1347 1441 1432 gradibus
1454 1364 1639 1420 occurrunt.

608 1371 744 1498 froinde
758 1431 941 1519 praepositio
956 1431 1010 1494 illa
1024 1432 1066 1493 nr
1083 1431 1115 1494 in
1130 1432 1226 1495 verbo
1238 1433 1446 1510 συνεπεπλάκα,
1460 1456 1526 1499 uon
1539 1457 1639 1522 expo-

597 1518 711 1586 nenda
725 1531 793 1582 erat
806 1539 863 1603 per
875 1539 910 1581 re
924 1531 960 1580 ut
973 1516 1050 1581 fecit
1064 1516 1208 1595 Rufinus,
1223 1518 1279 1581 sed
1293 1519 1404 1603 potius
1413 1540 1471 1605 per
1484 1522 1639 1606 proeposi·

607 1606 725 1669 tionem
740 1618 841 1687 super.
885 1601 939 1665 Ad
952 1603 1082 1665 verbum
1097 1604 1294 1666 συνεπηλάκει
1306 1603 1568 1689 superimplentem
1582 1617 1637 1672 est.

606 1692 813 1756 Vanastus.
858 1687 980 1751 Contra
1008 1686 1178 1751 defendere
1207 1688 1500 1775 interpretationem
1531 1692 1639 1758 Rufini

607 1775 740 1840 tentavit
761 1775 924 1837 Romanus
942 1771 1016 1858 'e'jus
1037 1772 1141 1837 editor
1165 1775 1275 1837 Petrus
1294 1774 1358 1838 Th.
1373 1775 1536 1841 Caeciari.'
1575 1777 1638 1844 Sed

605 1860 783 1924 Valesianae
807 1858 870 1922 loci
891 1858 1082 1942 expositioni
1104 1860 1208 1922 favere
1230 1859 1353 1923 videtur
1375 1860 1473 1926 lectio
1494 1861 1638 1927 editionis

607 1944 713 2029 Siepd.
728 1958 762 2008 et
776 1945 852 2009 MS.
867 1942 1007 2041 Nonfoit'.
1027 1948 1065 2006 toi
1084 1943 1149 2028 γένη
1172 1944 1219 2006 nai
1238 1950 1276 2007 τὰ
1294 1944 1348 2007 lind
1362 1952 1398 2008 tri
1412 1946 1451 2012 Σ.
1470 1945 1517 2027 κα)
1529 1952 1569 2012 τὰ
1583 1950 1637 2012 dvi

605 2038 642 2095 τῦ
660 2034 713 2108 Ν.,
727 2031 824 2117 idque
845 2050 960 2114 magra,
975 2050 1071 2115 quam
1086 2029 1186 2093 altera
1199 2030 1304 2109 verba,
1318 2053 1392 2117 quae
1406 2031 1557 2097 Valesius
1570 2033 1638 2120 ipse

603 2117 734 2202 recepit.
780 2118 904 2180 Interea
921 2127 1007 2180 extat
1030 2114 1109 2178 illud
1131 2114 1236 2179 Rufini
1256 2117 1484 2200 reconjunctum
1504 2138 1583 2182 eum
1604 2118 1636 2184 in

564 2277 568 2285 Ι
604 2203 744 2268 editione
762 2201 815 2265 ilia
834 2202 988 2280 Romana,
1001 2213 1072 2264 tum
1090 2200 1122 2264 in
1141 2199 1252 2265 codice
1266 2201 1384 2287 scripto
1399 2202 1518 2281 Rufini,
1533 2203 1590 2289 qui
1604 2204 1637 2268 in

605 2289 667 2353 hoe
691 2287 840 2373 Collegio
861 2288 894 2349 S.
910 2288 968 2350 Ma
993 2285 1115 2350 dalenae
1137 2300 1287 2352 servatur.
1321 2287 1471 2374 Denique
1492 2309 1552 2386 pro
1573 2314 1638 2353 cor·

604 2374 750 2438 επεπλίικει
765 2372 903 2437 lectione
918 2308 1081 2437 Vafisiono
1095 2371 1282 2457 suffragium
1297 2371 1396 2436 addas
1411 2373 1521 2438 eodinus
1536 2373 1637 2439 Savil.

605 2481 661 2525 seu
675 2458 768 2523 Bodl.
784 2458 842 2523 sed
856 2457 994 2522 ἔπεπλίικε
1009 2456 1148 2521 Masurii
1163 2458 1291 2521 Cutenu.
1380 2489 1382 2494 ¹

657 2547 696 2610 P:
716 2558 782 2608 1-18.
808 2546 830 2608 l.
849 2558 880 2607 8.
909 2543 1079 2615 draeisma
1103 2541 1238 2624 ἀτέκνων]
1262 2541 1322 2607 Vir
1346 2541 1553 2610 doctissimus
1576 2546 1636 2611 Jo-

602 2652 699 2696 annes
722 2632 854 2715 Langus
875 2629 930 2713 qui
949 2627 1172 2714 Nicephorum
1195 2628 1309 2692 Latine
1330 2627 1557 2715 interpretatus
1575 2643 1635 2711 est,

602 2716 688 2781 hunc
702 2716 812 2778 locum
825 2713 869 2777 ita
882 2713 985 2778 vertit.
1007 2711 1173 2797 implicatu
1187 2712 1269 2776 enirn
1282 2714 1363 2777 inter
1377 2725 1494 2779 serunt
1507 2737 1635 2802 genera,

602 2812 632 2867 et
646 2799 728 2899 quod
749 2821 768 2864 a
789 2793 949 2864 Salomone
963 2808 993 2862 et
1011 2798 1092 2886 quod
1105 2798 1268 2867 aNntfian
1281 2798 1446 2879 descendit,
1460 2813 1633 2886 reproesen-

601 2898 717 2952 tattone
739 2907 841 2948 eorum
863 2885 917 2971 qui
938 2883 1046 2947 liberos
1064 2906 1123 2948 nou
1137 2895 1288 2949 creassent
1302 2885 1501 2972 secundisque
1515 2887 1635 2970 nuptiis

600 2995 638 3036 oe
651 2970 880 3036 resuscitatione
894 2968 1053 3034 seminum.
1099 2969 1230 3034 Rufinus
1247 2992 1321 3035 vero
1341 2969 1471 3035 liberius
1491 2972 1634 3058 quidem,

599 3057 656 3123 sed
680 3079 743 3121 non
766 3056 834 3120 sine
854 3054 1014 3142 elegantia
1031 3055 1085 3133 ita
1101 3055 1204 3119 vertit.
1240 3056 1479 3141 Reconjunctum
1500 3079 1543 3121 no
1598 3080 1635 3122 ue

598 3143 713 3208 silicet
725 3141 852 3207 invicem
864 3163 974 3229 genus,
991 3151 1022 3204 et
1037 3139 1119 3203 illud
1130 3141 1212 3226 quod
1222 3156 1279 3226 per
1290 3140 1494 3220 Salomonem,
1507 3153 1539 3206 et
1552 3142 1579 3206 il

600 3230 681 3317 prud
694 3243 752 3314 per
765 3228 896 3292 Notion
911 3225 1081 3303 deducitur,
1100 3241 1157 3311 per
1176 3225 1291 3313 legales
1310 3225 1543 3293 substitutiones
1560 3250 1638 3326 φη»

588 3315 713 3402 fiebunt
728 3314 775 3379 fiis
790 3313 922 3401 quisine
937 3311 1041 3377 l'lreris
1055 3311 1246 3392 decedebant,
1260 3322 1291 3376 et
1301 3325 1359 3396 per
1373 3312 1521 3378 secundas
1533 3312 1633 3378 mitil-

600 3403 718 3466 onu'nus
741 3401 876 3485 nuptias,
902 3397 1011 3486 quidus
1033 3419 1113 3462 uuus
1136 3408 1230 3483 utque
1251 3397 1332 3461 idern
1356 3396 1429 3461 aliis
1449 3398 1636 3482 por-nitidus

593 3504 651 3573 pro
676 3486 787 3564 enitus,
803 3485 934 3561 oliorum
955 3506 1017 3547 esse
1027 3482 1121 3570 filius
1142 3481 1313 3547 uidebatur.
1359 3482 1478 3548 Omisit
1497 3485 1634 3551 Rufinus

597 3509 693 3637 verfia
707 3572 762 3635 illa
777 3570 921 3634 Africani
934 3569 956 3653 ig
971 3569 1125 3639 ἁναςίισεσι
1139 3568 1317 3656 σπερμάτων,
1331 3590 1403 3667 quae
1416 3581 1504 3632 certe
1518 3591 1632 3656 super·

597 3660 662 3723 flua
684 3655 840 3720 videntur.
894 3654 979 3716 Cum
1005 3653 1089 3716 enim
1108 3653 1180 3752 jam
1204 3668 1299 3718 antea
1310 3653 1438 3718 ¹dixerit
1461 3654 1636 3727 ἀναςᾶσεσν

596 3742 717 3808 ἀτέκνων
730 3741 890 3828 rejunctus
905 3738 1002 3802 fuisse
1016 3739 1164 3817 familias,
1179 3739 1258 3826 quid
1272 3760 1354 3825 opus
1367 3753 1417 3802 est
1429 3737 1548 3803 addere
1561 3744 1633 3805 dra·

595 3829 712 3903 ςίισεσιν
732 3827 908 3912 σπερμάτων,
922 3823 1010 3924 quod
1029 3847 1129 3889 unum
1150 3824 1301 3912 idemque
1315 3835 1365 3888 est
1378 3835 1461 3888 teste
1474 3824 1635 3892 Africano

596 3916 629 3979 in
652 3914 712 3978 hac
727 3914 803 3999 ‘ipsa
823 3910 864 3977 ad
882 3909 1059 3975 Aristidem
1079 3909 1224 3996 epistola.
1267 3911 1524 3996 Damascenusq
1593 3932 1636 3977 ue

596 4000 628 4064 in
643 3999 734 4064 Orat.
748 4012 777 4063 3.
794 3998 834 4062 de
847 3996 1022 4061 Nativitate
1034 3997 1074 4060 B.
1085 3996 1211 4073 Mariae,
1224 3995 1334 4059 omisit
1349 3994 1419 4058 haec
1433 3932 1635 4061 verbane&

595 4099 699 4148 terum
719 4084 892 4148 obscurum
915 4095 964 4146 est
985 4079 1073 4167 quod
1094 4079 1147 4145 hic
1168 4081 1213 4145 ait
1232 4080 1415 4158 Africanus,
1430 4081 1634 4166 reparatione

596 4169 719 4235 scilieet
729 4169 859 4233 seminis
871 4190 983 4231 eorum
996 4167 1052 4252 qui
1065 4167 1133 4229 sine
1147 4166 1255 4230 liberis
1268 4165 1488 4244 decessissent,
1500 4166 1634 4233 misceri

596 4254 706 4320 solitas
720 4274 790 4318 esse
805 4253 951 4318 familias.
982 4254 1070 4316 Nam
1087 4252 1212 4337 quoties
1226 4251 1323 4316 frater
1337 4249 1452 4314 eodem
1467 4264 1559 4337 patre
1573 4274 1634 4318 na·

594 4355 648 4406 tus
670 4338 813 4403 relictam
835 4340 939 4404 fratris
960 4338 1009 4402 sui
1030 4336 1063 4400 in
1084 4336 1273 4423 conjugium
1293 4337 1441 4415 ducebat,
1456 4336 1545 4400 nulla
1561 4350 1634 4404 erat

595 4424 776 4512 agnationis
796 4425 942 4490 mutatio.
987 4423 1051 4486 Sed
1072 4423 1098 4486 si
1119 4423 1204 4487 forte
1219 4423 1317 4487 frater
1329 4421 1486 4500 uterinus,
1499 4421 1634 4489 viduam

594 4512 700 4576 fratris
722 4510 772 4576 sui
793 4533 925 4574 uxorem
948 4509 1090 4586 duceret,
1114 4523 1190 4572 tunc
1212 4508 1319 4593 aliqua
1340 4507 1535 4572 familiarum
1556 4530 1635 4596 per·

594 4596 707 4660 mixtio
722 4596 807 4661 nasei
822 4607 958 4684 poterat.
1003 4597 1116 4679 Itaque
1128 4593 1243 4659 merito
1257 4593 1382 4658 addidit
1395 4593 1571 4659 Africanus
1584 4595 1634 4660 zai

593 4682 826 4768 διυτερογαμίαις.
870 4683 953 4747 Haec
970 4680 1056 4744 enim
1076 4680 1239 4768 praecipua
1252 4679 1316 4747 fuit
1329 4699 1426 4746 eausa
1438 4679 1636 4767 permixtio·
