<?xml version="1.0" encoding="UTF-8"?>
<!DOCTYPE html PUBLIC "-//W3C//DTD XHTML 1.0 Transitional//EN"
    "http://www.w3.org/TR/xhtml1/DTD/xhtml1-transitional.dtd">
<html xmlns="http://www.w3.org/1999/xhtml" xml:lang="en" lang="en">
 <head>
  <title>
</title>
<meta http-equiv="Content-Type" content="text/html;charset=utf-8" />
  <meta name='ocr-system' content='tesseract 3.04.00' />
  <meta name='ocr-capabilities' content='ocr_page ocr_carea ocr_par ocr_line ocrx_word'/>
</head>
<body>
  <div class='ocr_page' id='page_1' title='image "./reliquiaesacrae09routgoog_0252.png"; bbox 0 0 4092 5675; ppageno 0'>
   <div class='ocr_carea' id='block_1_1' title="bbox 504 740 1319 852">
    <p class='ocr_par' dir='ltr' id='par_1_1' title="bbox 504 740 1319 852">
     <span class='ocr_line' id='line_1_1' title="bbox 504 740 1319 852; baseline -0.012 -17"><span class='ocrx_word' id='word_1_1' title='bbox 504 777 568 852; x_wconf 71' lang='grc'><strong>151</strong></span> <span class='ocrx_word' id='word_1_2' title='bbox 845 759 1207 827; x_wconf 75' lang='grc' dir='ltr'><strong>ΑΝΝοΤΑτιοΝΕε</strong></span> <span class='ocrx_word' id='word_1_3' title='bbox 1317 740 1319 744; x_wconf 81' lang='grc'><strong>’</strong></span> 
     </span>
    </p>
   </div>
   <div class='ocr_carea' id='block_1_2' title="bbox 401 929 1570 4028">
    <p class='ocr_par' dir='ltr' id='par_1_2' title="bbox 401 929 1570 4028">
     <span class='ocr_line' id='line_1_2' title="bbox 503 929 1551 1022; baseline 0.003 -22"><span class='ocrx_word' id='word_1_4' title='bbox 503 955 569 1022; x_wconf 87' lang='lat' dir='ltr'>que</span> <span class='ocrx_word' id='word_1_5' title='bbox 589 932 636 999; x_wconf 88' lang='lat' dir='ltr'>ita</span> <span class='ocrx_word' id='word_1_6' title='bbox 655 931 801 999; x_wconf 85' lang='lat' dir='ltr'>ediderat</span> <span class='ocrx_word' id='word_1_7' title='bbox 822 932 977 1019; x_wconf 79' lang='lat' dir='ltr'>Scaliger.</span> <span class='ocrx_word' id='word_1_8' title='bbox 1022 932 1086 998; x_wconf 87' lang='lat' dir='ltr'>Sed</span> <span class='ocrx_word' id='word_1_9' title='bbox 1104 932 1137 997; x_wconf 90' lang='lat' dir='ltr'>in</span> <span class='ocrx_word' id='word_1_10' title='bbox 1159 929 1299 1020; x_wconf 76' lang='lat' dir='ltr'>Syncelli</span> <span class='ocrx_word' id='word_1_11' title='bbox 1317 941 1407 997; x_wconf 78' lang='lat' dir='ltr'>textu</span> <span class='ocrx_word' id='word_1_12' title='bbox 1424 931 1551 1020; x_wconf 83' lang='lat' dir='ltr'>legitur</span> 
     </span>
     <span class='ocr_line' id='line_1_3' title="bbox 503 1018 1548 1107; baseline -0.001 -22"><span class='ocrx_word' id='word_1_13' title='bbox 503 1020 714 1106; x_wconf 72' lang='grc' dir='ltr'><strong><em>διαπεράσαντο,</em></strong></span> <span class='ocrx_word' id='word_1_14' title='bbox 736 1019 793 1084; x_wconf 90' lang='lat' dir='ltr'>ubi</span> <span class='ocrx_word' id='word_1_15' title='bbox 819 1020 859 1083; x_wconf 93' lang='lat' dir='ltr'>ad</span> <span class='ocrx_word' id='word_1_16' title='bbox 883 1042 986 1107; x_wconf 84' lang='lat' dir='ltr'><em>marg.</em></span> <span class='ocrx_word' id='word_1_17' title='bbox 1010 1019 1191 1084; x_wconf 89' lang='lat' dir='ltr'><strong>emendavit</strong></span> <span class='ocrx_word' id='word_1_18' title='bbox 1215 1019 1343 1083; x_wconf 83' lang='lat' dir='ltr'>Gnarus</span> <span class='ocrx_word' id='word_1_19' title='bbox 1365 1018 1390 1082; x_wconf 72' lang='lat' dir='ltr'>oi</span> <span class='ocrx_word' id='word_1_20' title='bbox 1411 1021 1548 1106; x_wconf 70' lang='lat' dir='ltr'>impla-</span> 
     </span>
     <span class='ocr_line' id='line_1_4' title="bbox 502 1104 1549 1193; baseline -0.002 -21"><span class='ocrx_word' id='word_1_21' title='bbox 502 1132 589 1174; x_wconf 76' lang='lat' dir='ltr'>cum</span> <span class='ocrx_word' id='word_1_22' title='bbox 604 1105 716 1170; x_wconf 86' lang='lat' dir='ltr'>addito</span> <span class='ocrx_word' id='word_1_23' title='bbox 729 1107 790 1189; x_wconf 82' lang='grc' dir='ltr'>μετ’</span> <span class='ocrx_word' id='word_1_24' title='bbox 806 1117 881 1170; x_wconf 89' lang='lat' dir='ltr'>ante</span> <span class='ocrx_word' id='word_1_25' title='bbox 893 1104 1041 1193; x_wconf 55' lang='lat' dir='ltr'>‘Adpaoig</span> <span class='ocrx_word' id='word_1_26' title='bbox 1077 1105 1242 1170; x_wconf 86' lang='lat' dir='ltr'>Cedrenus</span> <span class='ocrx_word' id='word_1_27' title='bbox 1255 1126 1332 1170; x_wconf 89' lang='lat' dir='ltr'>vero</span> <span class='ocrx_word' id='word_1_28' title='bbox 1346 1104 1435 1170; x_wconf 74' lang='lat' dir='ltr'>Hm.</span> <span class='ocrx_word' id='word_1_29' title='bbox 1456 1107 1549 1171; x_wconf 81' lang='lat' dir='ltr'>Com-</span> 
     </span>
     <span class='ocr_line' id='line_1_5' title="bbox 524 1191 1546 1278; baseline 0 -21"><span class='ocrx_word' id='word_1_30' title='bbox 524 1192 594 1258; x_wconf 80' lang='lat' dir='ltr'>end.</span> <span class='ocrx_word' id='word_1_31' title='bbox 615 1213 648 1278; x_wconf 88' lang='lat' dir='ltr'>p.</span> <span class='ocrx_word' id='word_1_32' title='bbox 663 1205 713 1268; x_wconf 82' lang='lat'>27.</span> <span class='ocrx_word' id='word_1_33' title='bbox 734 1191 798 1257; x_wconf 89' lang='lat' dir='ltr'>loci</span> <span class='ocrx_word' id='word_1_34' title='bbox 819 1214 948 1257; x_wconf 89' lang='lat' dir='ltr'>sensum</span> <span class='ocrx_word' id='word_1_35' title='bbox 970 1192 1016 1257; x_wconf 91' lang='lat' dir='ltr'>ita</span> <span class='ocrx_word' id='word_1_36' title='bbox 1037 1192 1147 1270; x_wconf 84' lang='lat' dir='ltr'>dedit3</span> <span class='ocrx_word' id='word_1_37' title='bbox 1177 1191 1345 1273; x_wconf 77' lang='grc' dir='ltr'><strong><em>διαπεράσας</em></strong></span> <span class='ocrx_word' id='word_1_38' title='bbox 1366 1192 1394 1255; x_wconf 78' lang='lat' dir='ltr'>li</span> <span class='ocrx_word' id='word_1_39' title='bbox 1423 1194 1546 1276; x_wconf 87' lang='lat' dir='ltr'>(Abra-</span> 
     </span>
     <span class='ocr_line' id='line_1_6' title="bbox 498 1209 1545 1366; baseline -0.002 -22"><span class='ocrx_word' id='word_1_40' title='bbox 498 1209 594 1361; x_wconf 51' lang='grc' dir='ltr'>ἒαω)</span> <span class='ocrx_word' id='word_1_41' title='bbox 611 1280 658 1342; x_wconf 79' lang='grc' dir='ltr'>τὸν</span> <span class='ocrx_word' id='word_1_42' title='bbox 672 1278 830 1365; x_wconf 73' lang='grc' dir='ltr'>Εὐφράτην,</span> <span class='ocrx_word' id='word_1_43' title='bbox 845 1283 894 1357; x_wconf 77' lang='grc' dir='ltr'>τὴν</span> <span class='ocrx_word' id='word_1_44' title='bbox 908 1278 1107 1365; x_wconf 64' lang='grc' dir='ltr'>(προσωνυμίαν</span> <span class='ocrx_word' id='word_1_45' title='bbox 1128 1275 1237 1357; x_wconf 65' lang='grc' dir='ltr'>ἔλαθεν,</span> <span class='ocrx_word' id='word_1_46' title='bbox 1254 1276 1381 1364; x_wconf 72' lang='lat' dir='ltr'>‘Edpaicr</span> <span class='ocrx_word' id='word_1_47' title='bbox 1403 1281 1464 1366; x_wconf 76' lang='grc' dir='ltr'>γὰρ</span> <span class='ocrx_word' id='word_1_48' title='bbox 1486 1305 1545 1342; x_wconf 73' lang='lat' dir='ltr'>m·</span> 
     </span>
     <span class='ocr_line' id='line_1_7' title="bbox 501 1362 1545 1515; baseline 0.001 -87"><span class='ocrx_word' id='word_1_49' title='bbox 501 1365 585 1515; x_wconf 51' lang='lat' dir='ltr'>gairda</span> <span class='ocrx_word' id='word_1_50' title='bbox 606 1363 746 1449; x_wconf 59' lang='lat' dir='ltr'>adportas.</span> <span class='ocrx_word' id='word_1_51' title='bbox 773 1370 796 1428; x_wconf 83' lang='lat' dir='ltr'>oi</span> <span class='ocrx_word' id='word_1_52' title='bbox 818 1364 856 1445; x_wconf 78' lang='grc' dir='ltr'>δὲ,</span> <span class='ocrx_word' id='word_1_53' title='bbox 877 1366 931 1430; x_wconf 77' lang='grc' dir='ltr'>ἀπὸ</span> <span class='ocrx_word' id='word_1_54' title='bbox 947 1362 1035 1450; x_wconf 68' lang='grc' dir='ltr'>Ἕὲερ</span> <span class='ocrx_word' id='word_1_55' title='bbox 1060 1362 1191 1450; x_wconf 80' lang='grc' dir='ltr'>λέγουσιν</span> <span class='ocrx_word' id='word_1_56' title='bbox 1213 1364 1311 1439; x_wconf 67' lang='grc' dir='ltr'><strong>αὐτοὺς</strong></span> <span class='ocrx_word' id='word_1_57' title='bbox 1330 1367 1473 1445; x_wconf 54' lang='grc' dir='ltr'>καλεῖσθαι</span> <span class='ocrx_word' id='word_1_58' title='bbox 1494 1366 1545 1428; x_wconf 77' lang='lat' dir='ltr'>‘E-</span> 
     </span>
     <span class='ocr_line' id='line_1_8' title="bbox 537 1477 622 1525; baseline 0 -11"><span class='ocrx_word' id='word_1_59' title='bbox 537 1477 622 1525; x_wconf 81' lang='grc' dir='ltr'><strong>αιους.</strong></span> 
     </span>
     <span class='ocr_line' id='line_1_9' title="bbox 519 1478 1545 1622; baseline 0 -22"><span class='ocrx_word' id='word_1_60' title='bbox 519 1478 663 1601; x_wconf 59' lang='lat' dir='ltr'>pP.131.</span> <span class='ocrx_word' id='word_1_61' title='bbox 678 1535 701 1600; x_wconf 95' lang='lat' dir='ltr'>l.</span> <span class='ocrx_word' id='word_1_62' title='bbox 717 1551 744 1600; x_wconf 96' lang='lat' dir='ltr'>l.</span> <span class='ocrx_word' id='word_1_63' title='bbox 765 1541 813 1612; x_wconf 82' lang='grc' dir='ltr'>τῆς</span> <span class='ocrx_word' id='word_1_64' title='bbox 835 1534 1068 1621; x_wconf 58' lang='grc' dir='ltr'>κατηγῆλμένης]</span> <span class='ocrx_word' id='word_1_65' title='bbox 1093 1535 1202 1600; x_wconf 84' lang='lat' dir='ltr'><strong>Edidit</strong></span> <span class='ocrx_word' id='word_1_66' title='bbox 1224 1534 1371 1622; x_wconf 78' lang='lat' dir='ltr'>Scaliger</span> <span class='ocrx_word' id='word_1_67' title='bbox 1388 1540 1437 1612; x_wconf 78' lang='grc' dir='ltr'>τῆς</span> <span class='ocrx_word' id='word_1_68' title='bbox 1459 1561 1545 1600; x_wconf 76' lang='grc' dir='ltr'>κατι·</span> 
     </span>
     <span class='ocr_line' id='line_1_10' title="bbox 501 1620 1544 1731; baseline 0.002 -45"><span class='ocrx_word' id='word_1_69' title='bbox 501 1622 698 1707; x_wconf 70' lang='grc' dir='ltr'>ηγῐελμένης.</span> <span class='ocrx_word' id='word_1_70' title='bbox 742 1622 911 1731; x_wconf 66' lang='lat' dir='ltr'>Synoellus</span> <span class='ocrx_word' id='word_1_71' title='bbox 938 1622 1070 1708; x_wconf 89' lang='lat' dir='ltr'>quidem</span> <span class='ocrx_word' id='word_1_72' title='bbox 1097 1622 1203 1708; x_wconf 90' lang='lat' dir='ltr'>priore</span> <span class='ocrx_word' id='word_1_73' title='bbox 1225 1621 1301 1686; x_wconf 94' lang='lat' dir='ltr'>loco</span> <span class='ocrx_word' id='word_1_74' title='bbox 1324 1620 1366 1686; x_wconf 86' lang='lat' dir='ltr'>ad</span> <span class='ocrx_word' id='word_1_75' title='bbox 1393 1641 1472 1707; x_wconf 86' lang='lat' dir='ltr'>pag.</span> <span class='ocrx_word' id='word_1_76' title='bbox 1495 1629 1544 1688; x_wconf 83' lang='grc'><strong>86.</strong></span> 
     </span>
     <span class='ocr_line' id='line_1_11' title="bbox 500 1706 1545 1794; baseline -0.003 -21"><span class='ocrx_word' id='word_1_77' title='bbox 500 1709 600 1774; x_wconf 86' lang='lat' dir='ltr'>habet</span> <span class='ocrx_word' id='word_1_78' title='bbox 622 1709 818 1794; x_wconf 68' lang='grc' dir='ltr'>ἐπηγίελμενης</span> <span class='ocrx_word' id='word_1_79' title='bbox 840 1720 878 1773; x_wconf 86' lang='lat' dir='ltr'>ut</span> <span class='ocrx_word' id='word_1_80' title='bbox 899 1728 995 1793; x_wconf 87' lang='lat' dir='ltr'>supra</span> <span class='ocrx_word' id='word_1_81' title='bbox 1016 1708 1058 1772; x_wconf 85' lang='lat' dir='ltr'>ad</span> <span class='ocrx_word' id='word_1_82' title='bbox 1076 1708 1132 1773; x_wconf 90' lang='lat' dir='ltr'>lin.</span> <span class='ocrx_word' id='word_1_83' title='bbox 1153 1723 1198 1773; x_wconf 85' lang='grc'>13.</span> <span class='ocrx_word' id='word_1_84' title='bbox 1243 1706 1307 1773; x_wconf 87' lang='lat' dir='ltr'>Sed</span> <span class='ocrx_word' id='word_1_85' title='bbox 1322 1707 1545 1793; x_wconf 66' lang='grc' dir='ltr'>κατηγῖελμένης</span> 
     </span>
     <span class='ocr_line' id='line_1_12' title="bbox 499 1793 1143 1882; baseline -0.002 -23"><span class='ocrx_word' id='word_1_86' title='bbox 499 1795 559 1861; x_wconf 92' lang='lat' dir='ltr'>illo</span> <span class='ocrx_word' id='word_1_87' title='bbox 576 1795 718 1882; x_wconf 88' lang='lat' dir='ltr'>Syncelli</span> <span class='ocrx_word' id='word_1_88' title='bbox 733 1794 807 1858; x_wconf 92' lang='lat' dir='ltr'>loco</span> <span class='ocrx_word' id='word_1_89' title='bbox 822 1795 924 1859; x_wconf 86' lang='lat' dir='ltr'><strong><em>MSS.</em></strong></span> <span class='ocrx_word' id='word_1_90' title='bbox 940 1793 1143 1858; x_wconf 81' lang='lat' dir='ltr'>Purisienses.</span> 
     </span>
     <span class='ocr_line' id='line_1_13' title="bbox 546 1878 1545 1967; baseline 0.002 -23"><span class='ocrx_word' id='word_1_91' title='bbox 546 1880 630 1945; x_wconf 94' lang='lat' dir='ltr'>lbid.</span> <span class='ocrx_word' id='word_1_92' title='bbox 645 1881 667 1945; x_wconf 93' lang='lat' dir='ltr'>l.</span> <span class='ocrx_word' id='word_1_93' title='bbox 679 1894 711 1944; x_wconf 88' lang='lat'>3.</span> <span class='ocrx_word' id='word_1_94' title='bbox 735 1879 779 1957; x_wconf 71' lang='grc' dir='ltr'>ἔτη</span> <span class='ocrx_word' id='word_1_95' title='bbox 796 1879 871 1966; x_wconf 56' lang='lat' dir='ltr'>pass]</span> <span class='ocrx_word' id='word_1_96' title='bbox 889 1880 1034 1966; x_wconf 83' lang='lat' dir='ltr'>Scaliger</span> <span class='ocrx_word' id='word_1_97' title='bbox 1053 1879 1166 1967; x_wconf 86' lang='lat' dir='ltr'>posuit</span> <span class='ocrx_word' id='word_1_98' title='bbox 1187 1902 1288 1944; x_wconf 88' lang='lat' dir='ltr'>annos</span> <span class='ocrx_word' id='word_1_99' title='bbox 1301 1878 1382 1952; x_wconf 53' lang='grc' dir='ltr'><strong>ἧκ’.</strong></span> <span class='ocrx_word' id='word_1_100' title='bbox 1399 1894 1473 1958; x_wconf 85' lang='grc'><strong>915.</strong></span> <span class='ocrx_word' id='word_1_101' title='bbox 1490 1878 1545 1946; x_wconf 81' lang='lat' dir='ltr'>sod</span> 
     </span>
     <span class='ocr_line' id='line_1_14' title="bbox 500 1965 1545 2053; baseline -0.001 -22"><span class='ocrx_word' id='word_1_102' title='bbox 500 1989 558 2032; x_wconf 84' lang='lat' dir='ltr'>eos</span> <span class='ocrx_word' id='word_1_103' title='bbox 582 1987 748 2053; x_wconf 83' lang='lat' dir='ltr'>perperam</span> <span class='ocrx_word' id='word_1_104' title='bbox 772 1967 926 2030; x_wconf 89' lang='lat' dir='ltr'>collectos</span> <span class='ocrx_word' id='word_1_105' title='bbox 948 1967 1058 2044; x_wconf 86' lang='lat' dir='ltr'>fuisse,</span> <span class='ocrx_word' id='word_1_106' title='bbox 1078 1989 1117 2030; x_wconf 86' lang='lat' dir='ltr'>ex</span> <span class='ocrx_word' id='word_1_107' title='bbox 1139 1988 1345 2031; x_wconf 87' lang='lat' dir='ltr'>numerorum</span> <span class='ocrx_word' id='word_1_108' title='bbox 1368 1965 1545 2031; x_wconf 83' lang='lat' dir='ltr'>collatione</span> 
     </span>
     <span class='ocr_line' id='line_1_15' title="bbox 501 2050 1570 2139; baseline -0.001 -21"><span class='ocrx_word' id='word_1_109' title='bbox 501 2053 596 2118; x_wconf 83' lang='lat' dir='ltr'>facile</span> <span class='ocrx_word' id='word_1_110' title='bbox 617 2066 762 2139; x_wconf 91' lang='lat' dir='ltr'>apparet.</span> <span class='ocrx_word' id='word_1_111' title='bbox 808 2052 988 2118; x_wconf 88' lang='lat' dir='ltr'>Ostendere</span> <span class='ocrx_word' id='word_1_112' title='bbox 1011 2052 1045 2116; x_wconf 94' lang='lat' dir='ltr'>id</span> <span class='ocrx_word' id='word_1_113' title='bbox 1068 2074 1199 2139; x_wconf 92' lang='lat' dir='ltr'>quoque</span> <span class='ocrx_word' id='word_1_114' title='bbox 1222 2050 1426 2138; x_wconf 87' lang='lat' dir='ltr'>supersedeo,</span> <span class='ocrx_word' id='word_1_115' title='bbox 1442 2073 1543 2138; x_wconf 92' lang='lat' dir='ltr'>quum</span> <span class='ocrx_word' id='word_1_116' title='bbox 1568 2061 1570 2070; x_wconf 91' lang='lat'>&#39;</span> 
     </span>
     <span class='ocr_line' id='line_1_16' title="bbox 500 2137 1543 2225; baseline -0.003 -21"><span class='ocrx_word' id='word_1_117' title='bbox 500 2139 602 2225; x_wconf 91' lang='lat' dir='ltr'>longa</span> <span class='ocrx_word' id='word_1_118' title='bbox 615 2153 701 2203; x_wconf 88' lang='lat' dir='ltr'>esset</span> <span class='ocrx_word' id='word_1_119' title='bbox 713 2138 872 2225; x_wconf 87' lang='lat' dir='ltr'>expositio</span> <span class='ocrx_word' id='word_1_120' title='bbox 888 2142 943 2225; x_wconf 84' lang='lat' dir='ltr'>qul</span> <span class='ocrx_word' id='word_1_121' title='bbox 959 2140 1080 2204; x_wconf 88' lang='lat' dir='ltr'>factum</span> <span class='ocrx_word' id='word_1_122' title='bbox 1097 2139 1149 2217; x_wconf 90' lang='lat' dir='ltr'>sit,</span> <span class='ocrx_word' id='word_1_123' title='bbox 1164 2151 1202 2203; x_wconf 94' lang='lat' dir='ltr'>ut</span> <span class='ocrx_word' id='word_1_124' title='bbox 1222 2139 1255 2202; x_wconf 92' lang='lat' dir='ltr'>in</span> <span class='ocrx_word' id='word_1_125' title='bbox 1276 2137 1376 2202; x_wconf 90' lang='lat' dir='ltr'>Notis</span> <span class='ocrx_word' id='word_1_126' title='bbox 1390 2138 1438 2203; x_wconf 90' lang='lat' dir='ltr'>vir</span> <span class='ocrx_word' id='word_1_127' title='bbox 1454 2159 1543 2202; x_wconf 88' lang='lat' dir='ltr'>sum·</span> 
     </span>
     <span class='ocr_line' id='line_1_17' title="bbox 501 2221 1544 2310; baseline -0.001 -21"><span class='ocrx_word' id='word_1_128' title='bbox 501 2248 575 2289; x_wconf 91' lang='lat' dir='ltr'>mus</span> <span class='ocrx_word' id='word_1_129' title='bbox 597 2225 780 2304; x_wconf 88' lang='lat' dir='ltr'>affirmaret,</span> <span class='ocrx_word' id='word_1_130' title='bbox 800 2224 945 2289; x_wconf 82' lang='lat' dir='ltr'>Africani</span> <span class='ocrx_word' id='word_1_131' title='bbox 966 2225 1105 2290; x_wconf 87' lang='lat' dir='ltr'>rationes</span> <span class='ocrx_word' id='word_1_132' title='bbox 1127 2226 1169 2289; x_wconf 92' lang='lat' dir='ltr'>ab</span> <span class='ocrx_word' id='word_1_133' title='bbox 1190 2224 1379 2288; x_wconf 86' lang='lat' dir='ltr'>Eusebianis</span> <span class='ocrx_word' id='word_1_134' title='bbox 1400 2221 1544 2310; x_wconf 86' lang='lat' dir='ltr'>superari</span> 
     </span>
     <span class='ocr_line' id='line_1_18' title="bbox 501 2309 1544 2389; baseline -0.001 -14"><span class='ocrx_word' id='word_1_135' title='bbox 501 2311 593 2375; x_wconf 90' lang='lat' dir='ltr'>annis</span> <span class='ocrx_word' id='word_1_136' title='bbox 606 2323 637 2389; x_wconf 91' lang='lat'>7,</span> <span class='ocrx_word' id='word_1_137' title='bbox 648 2311 709 2377; x_wconf 89' lang='lat' dir='ltr'>etsi</span> <span class='ocrx_word' id='word_1_138' title='bbox 725 2323 837 2376; x_wconf 90' lang='lat' dir='ltr'>contra</span> <span class='ocrx_word' id='word_1_139' title='bbox 852 2311 916 2375; x_wconf 88' lang='lat' dir='ltr'>illae</span> <span class='ocrx_word' id='word_1_140' title='bbox 929 2311 1075 2376; x_wconf 88' lang='lat' dir='ltr'>Africani</span> <span class='ocrx_word' id='word_1_141' title='bbox 1089 2310 1204 2374; x_wconf 86' lang='lat' dir='ltr'>alteras</span> <span class='ocrx_word' id='word_1_142' title='bbox 1216 2309 1376 2373; x_wconf 87' lang='lat' dir='ltr'>excedunt</span> <span class='ocrx_word' id='word_1_143' title='bbox 1390 2310 1484 2376; x_wconf 85' lang='lat' dir='ltr'>anuis</span> <span class='ocrx_word' id='word_1_144' title='bbox 1498 2323 1544 2374; x_wconf 88' lang='grc'>18.</span> 
     </span>
     <span class='ocr_line' id='line_1_19' title="bbox 547 2394 1546 2485; baseline 0 -24"><span class='ocrx_word' id='word_1_145' title='bbox 547 2396 632 2462; x_wconf 85' lang='lat' dir='ltr'>ibid.</span> <span class='ocrx_word' id='word_1_146' title='bbox 655 2396 700 2476; x_wconf 81' lang='grc' dir='ltr'>ἔτη</span> <span class='ocrx_word' id='word_1_147' title='bbox 722 2396 841 2485; x_wconf 53' lang='grc' dir='ltr'>Ιγσοζῖ]</span> <span class='ocrx_word' id='word_1_148' title='bbox 859 2398 1008 2462; x_wconf 87' lang='lat' dir='ltr'>Testatus</span> <span class='ocrx_word' id='word_1_149' title='bbox 1024 2411 1074 2461; x_wconf 91' lang='lat' dir='ltr'>est</span> <span class='ocrx_word' id='word_1_150' title='bbox 1093 2396 1262 2485; x_wconf 89' lang='lat' dir='ltr'>Syncellus</span> <span class='ocrx_word' id='word_1_151' title='bbox 1276 2394 1317 2459; x_wconf 91' lang='lat' dir='ltr'>ad</span> <span class='ocrx_word' id='word_1_152' title='bbox 1331 2417 1432 2481; x_wconf 82' lang='lat' dir='ltr'>pagg.</span> <span class='ocrx_word' id='word_1_153' title='bbox 1446 2409 1497 2460; x_wconf 82' lang='grc'><strong>84.</strong></span> <span class='ocrx_word' id='word_1_154' title='bbox 1512 2408 1546 2461; x_wconf 89' lang='lat' dir='ltr'>et</span> 
     </span>
     <span class='ocr_line' id='line_1_20' title="bbox 499 2481 1545 2567; baseline -0.001 -20"><span class='ocrx_word' id='word_1_155' title='bbox 499 2497 551 2562; x_wconf 81' lang='lat'>92.</span> <span class='ocrx_word' id='word_1_156' title='bbox 566 2483 754 2548; x_wconf 81' lang='lat' dir='ltr'>Africanum</span> <span class='ocrx_word' id='word_1_157' title='bbox 777 2505 796 2547; x_wconf 88' lang='lat' dir='ltr'>a</span> <span class='ocrx_word' id='word_1_158' title='bbox 817 2483 942 2547; x_wconf 89' lang='lat' dir='ltr'>mundo</span> <span class='ocrx_word' id='word_1_159' title='bbox 964 2482 1096 2547; x_wconf 92' lang='lat' dir='ltr'>condito</span> <span class='ocrx_word' id='word_1_160' title='bbox 1118 2482 1160 2547; x_wconf 93' lang='lat' dir='ltr'>ad</span> <span class='ocrx_word' id='word_1_161' title='bbox 1179 2482 1320 2567; x_wconf 89' lang='lat' dir='ltr'>primum</span> <span class='ocrx_word' id='word_1_162' title='bbox 1335 2503 1458 2545; x_wconf 90' lang='lat' dir='ltr'>annum</span> <span class='ocrx_word' id='word_1_163' title='bbox 1472 2481 1545 2546; x_wconf 81' lang='lat' dir='ltr'>vitoe</span> 
     </span>
     <span class='ocr_line' id='line_1_21' title="bbox 500 2565 1546 2655; baseline -0.001 -22"><span class='ocrx_word' id='word_1_164' title='bbox 500 2570 680 2633; x_wconf 83' lang='lat' dir='ltr'>Abrahami</span> <span class='ocrx_word' id='word_1_165' title='bbox 695 2591 795 2633; x_wconf 89' lang='lat' dir='ltr'>annos</span> <span class='ocrx_word' id='word_1_166' title='bbox 811 2583 901 2634; x_wconf 78' lang='lat'>3202.</span> <span class='ocrx_word' id='word_1_167' title='bbox 920 2583 1137 2655; x_wconf 87' lang='lat' dir='ltr'>computasse,</span> <span class='ocrx_word' id='word_1_168' title='bbox 1154 2568 1271 2655; x_wconf 91' lang='lat' dir='ltr'>quibus</span> <span class='ocrx_word' id='word_1_169' title='bbox 1291 2566 1318 2631; x_wconf 90' lang='lat' dir='ltr'>si</span> <span class='ocrx_word' id='word_1_170' title='bbox 1341 2580 1474 2632; x_wconf 84' lang='lat' dir='ltr'>aetatem</span> <span class='ocrx_word' id='word_1_171' title='bbox 1489 2565 1546 2632; x_wconf 84' lang='lat' dir='ltr'>ad·</span> 
     </span>
     <span class='ocr_line' id='line_1_22' title="bbox 501 2654 1545 2740; baseline 0 -21"><span class='ocrx_word' id='word_1_172' title='bbox 501 2655 559 2719; x_wconf 87' lang='lat' dir='ltr'>das</span> <span class='ocrx_word' id='word_1_173' title='bbox 580 2654 768 2740; x_wconf 83' lang='lat' dir='ltr'>patriarchae</span> <span class='ocrx_word' id='word_1_174' title='bbox 782 2655 885 2719; x_wconf 92' lang='lat' dir='ltr'>vocati</span> <span class='ocrx_word' id='word_1_175' title='bbox 901 2657 934 2719; x_wconf 90' lang='lat' dir='ltr'>in</span> <span class='ocrx_word' id='word_1_176' title='bbox 948 2669 1064 2719; x_wconf 86' lang='lat' dir='ltr'>terram</span> <span class='ocrx_word' id='word_1_177' title='bbox 1081 2654 1224 2732; x_wconf 87' lang='lat' dir='ltr'>Canaan,</span> <span class='ocrx_word' id='word_1_178' title='bbox 1240 2676 1313 2718; x_wconf 93' lang='lat' dir='ltr'>cum</span> <span class='ocrx_word' id='word_1_179' title='bbox 1331 2675 1434 2718; x_wconf 89' lang='lat' dir='ltr'>annos</span> <span class='ocrx_word' id='word_1_180' title='bbox 1450 2667 1545 2719; x_wconf 83' lang='lat' dir='ltr'>natus</span> 
     </span>
     <span class='ocr_line' id='line_1_23' title="bbox 500 2740 1544 2815; baseline -0.002 -10"><span class='ocrx_word' id='word_1_181' title='bbox 500 2757 587 2805; x_wconf 87' lang='lat' dir='ltr'>esset</span> <span class='ocrx_word' id='word_1_182' title='bbox 599 2753 648 2815; x_wconf 87' lang='lat'>75.</span> <span class='ocrx_word' id='word_1_183' title='bbox 665 2762 791 2803; x_wconf 91' lang='lat' dir='ltr'>summa</span> <span class='ocrx_word' id='word_1_184' title='bbox 810 2742 997 2805; x_wconf 83' lang='lat' dir='ltr'>conficietur</span> <span class='ocrx_word' id='word_1_185' title='bbox 1016 2763 1175 2805; x_wconf 91' lang='lat' dir='ltr'>annorum</span> <span class='ocrx_word' id='word_1_186' title='bbox 1189 2740 1243 2804; x_wconf 93' lang='lat' dir='ltr'>hic</span> <span class='ocrx_word' id='word_1_187' title='bbox 1257 2754 1439 2803; x_wconf 83' lang='lat' dir='ltr'>memorata</span> <span class='ocrx_word' id='word_1_188' title='bbox 1452 2750 1544 2815; x_wconf 83' lang='lat'>³277.</span> 
     </span>
     <span class='ocr_line' id='line_1_24' title="bbox 499 2824 1544 2912; baseline 0.002 -21"><span class='ocrx_word' id='word_1_189' title='bbox 499 2828 544 2891; x_wconf 93' lang='lat' dir='ltr'>Et</span> <span class='ocrx_word' id='word_1_190' title='bbox 558 2825 633 2889; x_wconf 91' lang='lat' dir='ltr'>huic</span> <span class='ocrx_word' id='word_1_191' title='bbox 649 2824 779 2912; x_wconf 91' lang='lat' dir='ltr'>quidem</span> <span class='ocrx_word' id='word_1_192' title='bbox 795 2848 931 2891; x_wconf 86' lang='lat' dir='ltr'>summae</span> <span class='ocrx_word' id='word_1_193' title='bbox 947 2849 1061 2892; x_wconf 92' lang='lat' dir='ltr'>omnes</span> <span class='ocrx_word' id='word_1_194' title='bbox 1076 2850 1114 2891; x_wconf 92' lang='lat' dir='ltr'>ac</span> <span class='ocrx_word' id='word_1_195' title='bbox 1134 2825 1255 2912; x_wconf 86' lang='lat' dir='ltr'>singuli</span> <span class='ocrx_word' id='word_1_196' title='bbox 1276 2824 1402 2890; x_wconf 86' lang='lat' dir='ltr'>numeri</span> <span class='ocrx_word' id='word_1_197' title='bbox 1423 2825 1458 2890; x_wconf 92' lang='lat' dir='ltr'>in</span> <span class='ocrx_word' id='word_1_198' title='bbox 1480 2825 1544 2893; x_wconf 88' lang='lat' dir='ltr'>hoc</span> 
     </span>
     <span class='ocr_line' id='line_1_25' title="bbox 499 2910 1544 2998; baseline 0 -21"><span class='ocrx_word' id='word_1_199' title='bbox 499 2911 656 2977; x_wconf 91' lang='lat' dir='ltr'>laterculo</span> <span class='ocrx_word' id='word_1_200' title='bbox 678 2912 776 2998; x_wconf 89' lang='lat' dir='ltr'>positi</span> <span class='ocrx_word' id='word_1_201' title='bbox 797 2934 893 2998; x_wconf 85' lang='lat' dir='ltr'>quam</span> <span class='ocrx_word' id='word_1_202' title='bbox 917 2913 1040 2998; x_wconf 90' lang='lat' dir='ltr'>optime</span> <span class='ocrx_word' id='word_1_203' title='bbox 1056 2914 1261 2977; x_wconf 88' lang='lat' dir='ltr'>conveniunt.</span> <span class='ocrx_word' id='word_1_204' title='bbox 1305 2910 1431 2976; x_wconf 87' lang='lat' dir='ltr'>Eadem</span> <span class='ocrx_word' id='word_1_205' title='bbox 1446 2933 1544 2998; x_wconf 87' lang='lat' dir='ltr'>porro</span> 
     </span>
     <span class='ocr_line' id='line_1_26' title="bbox 401 2997 1544 3085; baseline 0.002 -24"><span class='ocrx_word' id='word_1_206' title='bbox 401 3008 403 3013; x_wconf 69' lang='grc'><strong>“</strong></span> <span class='ocrx_word' id='word_1_207' title='bbox 499 2997 701 3082; x_wconf 89' lang='lat' dir='ltr'>computatio</span> <span class='ocrx_word' id='word_1_208' title='bbox 716 2999 859 3083; x_wconf 91' lang='lat' dir='ltr'>Joseppo</span> <span class='ocrx_word' id='word_1_209' title='bbox 874 2997 921 3061; x_wconf 90' lang='lat' dir='ltr'>illi</span> <span class='ocrx_word' id='word_1_210' title='bbox 937 2998 1015 3062; x_wconf 90' lang='lat' dir='ltr'>olim</span> <span class='ocrx_word' id='word_1_211' title='bbox 1032 2998 1164 3084; x_wconf 88' lang='lat' dir='ltr'>placuit,</span> <span class='ocrx_word' id='word_1_212' title='bbox 1181 2998 1273 3085; x_wconf 90' lang='lat' dir='ltr'>cujus</span> <span class='ocrx_word' id='word_1_213' title='bbox 1288 2999 1484 3084; x_wconf 91' lang='lat' dir='ltr'>opusculum</span> <span class='ocrx_word' id='word_1_214' title='bbox 1502 2998 1544 3063; x_wconf 82' lang='lat' dir='ltr'>ad</span> 
     </span>
     <span class='ocr_line' id='line_1_27' title="bbox 498 3084 1543 3169; baseline 0.001 -21"><span class='ocrx_word' id='word_1_215' title='bbox 498 3084 602 3148; x_wconf 88' lang='lat' dir='ltr'>Num.</span> <span class='ocrx_word' id='word_1_216' title='bbox 619 3103 709 3148; x_wconf 87' lang='lat' dir='ltr'>v111.</span> <span class='ocrx_word' id='word_1_217' title='bbox 725 3106 757 3169; x_wconf 94' lang='lat' dir='ltr'>p.</span> <span class='ocrx_word' id='word_1_218' title='bbox 772 3098 840 3148; x_wconf 80' lang='lat'>248.</span> <span class='ocrx_word' id='word_1_219' title='bbox 856 3085 1116 3148; x_wconf 87' lang='lat' dir='ltr'>commemoravi.</span> <span class='ocrx_word' id='word_1_220' title='bbox 1148 3084 1355 3148; x_wconf 87' lang='lat' dir='ltr'>Conveniunt</span> <span class='ocrx_word' id='word_1_221' title='bbox 1368 3096 1402 3148; x_wconf 91' lang='lat' dir='ltr'>et</span> <span class='ocrx_word' id='word_1_222' title='bbox 1418 3085 1543 3150; x_wconf 86' lang='lat' dir='ltr'>numeri</span> 
     </span>
     <span class='ocr_line' id='line_1_28' title="bbox 499 3169 1543 3255; baseline 0.001 -21"><span class='ocrx_word' id='word_1_223' title='bbox 499 3169 684 3255; x_wconf 88' lang='lat' dir='ltr'>Epiphanii,</span> <span class='ocrx_word' id='word_1_224' title='bbox 707 3169 780 3234; x_wconf 88' lang='lat' dir='ltr'>loco</span> <span class='ocrx_word' id='word_1_225' title='bbox 802 3170 922 3234; x_wconf 87' lang='lat' dir='ltr'>ibidem</span> <span class='ocrx_word' id='word_1_226' title='bbox 947 3170 1101 3250; x_wconf 88' lang='lat' dir='ltr'>indicato,</span> <span class='ocrx_word' id='word_1_227' title='bbox 1122 3171 1154 3235; x_wconf 91' lang='lat' dir='ltr'>in</span> <span class='ocrx_word' id='word_1_228' title='bbox 1201 3192 1245 3234; x_wconf 92' lang='lat' dir='ltr'>uo</span> <span class='ocrx_word' id='word_1_229' title='bbox 1266 3192 1368 3234; x_wconf 88' lang='lat' dir='ltr'>annos</span> <span class='ocrx_word' id='word_1_230' title='bbox 1387 3185 1481 3234; x_wconf 83' lang='lat'>3332.</span> <span class='ocrx_word' id='word_1_231' title='bbox 1501 3169 1543 3235; x_wconf 84' lang='lat' dir='ltr'>ad</span> 
     </span>
     <span class='ocr_line' id='line_1_29' title="bbox 498 3191 1542 3342; baseline 0.003 -25"><span class='ocrx_word' id='word_1_232' title='bbox 498 3277 603 3342; x_wconf 89' lang='lat' dir='ltr'>usque</span> <span class='ocrx_word' id='word_1_233' title='bbox 624 3256 760 3320; x_wconf 87' lang='lat' dir='ltr'>Abrami</span> <span class='ocrx_word' id='word_1_234' title='bbox 782 3256 904 3320; x_wconf 87' lang='lat' dir='ltr'>natales</span> <span class='ocrx_word' id='word_1_235' title='bbox 926 3271 1106 3342; x_wconf 88' lang='lat' dir='ltr'>computat,</span> <span class='ocrx_word' id='word_1_236' title='bbox 1131 3191 1248 3320; x_wconf 79' lang='lat' dir='ltr'>additis</span> <span class='ocrx_word' id='word_1_237' title='bbox 1273 3256 1426 3319; x_wconf 87' lang='lat' dir='ltr'>nimirum</span> <span class='ocrx_word' id='word_1_238' title='bbox 1452 3256 1542 3322; x_wconf 88' lang='lat' dir='ltr'>annis</span> 
     </span>
     <span class='ocr_line' id='line_1_30' title="bbox 498 3340 1539 3430; baseline 0.001 -25"><span class='ocrx_word' id='word_1_239' title='bbox 498 3340 562 3405; x_wconf 91' lang='lat' dir='ltr'>illis</span> <span class='ocrx_word' id='word_1_240' title='bbox 584 3347 633 3405; x_wconf 79' lang='grc' dir='ltr'>τοῦ</span> <span class='ocrx_word' id='word_1_241' title='bbox 656 3341 778 3430; x_wconf 63' lang='grc' dir='ltr'>δευτέρου</span> <span class='ocrx_word' id='word_1_242' title='bbox 804 3342 938 3423; x_wconf 86' lang='lat' dir='ltr'>Cainan,</span> <span class='ocrx_word' id='word_1_243' title='bbox 966 3365 1048 3429; x_wconf 87' lang='lat' dir='ltr'>quos</span> <span class='ocrx_word' id='word_1_244' title='bbox 1073 3342 1222 3406; x_wconf 88' lang='lat' dir='ltr'>omittere</span> <span class='ocrx_word' id='word_1_245' title='bbox 1248 3341 1332 3406; x_wconf 92' lang='lat' dir='ltr'>solet</span> <span class='ocrx_word' id='word_1_246' title='bbox 1355 3341 1539 3406; x_wconf 85' lang='lat' dir='ltr'>Africanus.</span> 
     </span>
     <span class='ocr_line' id='line_1_31' title="bbox 500 3427 1540 3515; baseline 0 -24"><span class='ocrx_word' id='word_1_247' title='bbox 500 3427 624 3491; x_wconf 87' lang='lat' dir='ltr'>Confer</span> <span class='ocrx_word' id='word_1_248' title='bbox 638 3440 672 3492; x_wconf 89' lang='lat' dir='ltr'>et</span> <span class='ocrx_word' id='word_1_249' title='bbox 685 3429 857 3514; x_wconf 90' lang='lat' dir='ltr'>Epiphanii</span> <span class='ocrx_word' id='word_1_250' title='bbox 872 3451 943 3515; x_wconf 90' lang='lat' dir='ltr'>cap.</span> <span class='ocrx_word' id='word_1_251' title='bbox 960 3443 989 3492; x_wconf 84' lang='lat'>8.</span> <span class='ocrx_word' id='word_1_252' title='bbox 1035 3430 1087 3493; x_wconf 92' lang='lat' dir='ltr'>De</span> <span class='ocrx_word' id='word_1_253' title='bbox 1109 3428 1200 3492; x_wconf 86' lang='lat' dir='ltr'>annis</span> <span class='ocrx_word' id='word_1_254' title='bbox 1221 3428 1344 3492; x_wconf 87' lang='lat' dir='ltr'>interea</span> <span class='ocrx_word' id='word_1_255' title='bbox 1363 3427 1540 3514; x_wconf 73' lang='lat' dir='ltr'>sexaginta,</span> 
     </span>
     <span class='ocr_line' id='line_1_32' title="bbox 499 3513 1539 3600; baseline -0.001 -22"><span class='ocrx_word' id='word_1_256' title='bbox 499 3536 583 3600; x_wconf 89' lang='lat' dir='ltr'>quos</span> <span class='ocrx_word' id='word_1_257' title='bbox 599 3513 775 3599; x_wconf 90' lang='lat' dir='ltr'>perdidisse</span> <span class='ocrx_word' id='word_1_258' title='bbox 789 3515 973 3593; x_wconf 85' lang='lat' dir='ltr'>Africanus,</span> <span class='ocrx_word' id='word_1_259' title='bbox 987 3514 1107 3600; x_wconf 87' lang='lat' dir='ltr'>pariter</span> <span class='ocrx_word' id='word_1_260' title='bbox 1127 3528 1223 3599; x_wconf 88' lang='lat' dir='ltr'>atque</span> <span class='ocrx_word' id='word_1_261' title='bbox 1241 3515 1295 3578; x_wconf 90' lang='lat' dir='ltr'>alii</span> <span class='ocrx_word' id='word_1_262' title='bbox 1314 3526 1448 3594; x_wconf 89' lang='lat' dir='ltr'>veteres,</span> <span class='ocrx_word' id='word_1_263' title='bbox 1466 3535 1539 3577; x_wconf 90' lang='lat' dir='ltr'>cen-</span> 
     </span>
     <span class='ocr_line' id='line_1_33' title="bbox 498 3599 1539 3685; baseline -0.002 -21"><span class='ocrx_word' id='word_1_264' title='bbox 498 3612 597 3678; x_wconf 88' lang='lat' dir='ltr'>setur,</span> <span class='ocrx_word' id='word_1_265' title='bbox 612 3613 743 3685; x_wconf 87' lang='lat' dir='ltr'>propter</span> <span class='ocrx_word' id='word_1_266' title='bbox 764 3600 943 3664; x_wconf 85' lang='lat' dir='ltr'>Abrahami</span> <span class='ocrx_word' id='word_1_267' title='bbox 962 3601 1098 3679; x_wconf 85' lang='lat' dir='ltr'>natales,</span> <span class='ocrx_word' id='word_1_268' title='bbox 1119 3600 1215 3664; x_wconf 88' lang='lat' dir='ltr'>citius</span> <span class='ocrx_word' id='word_1_269' title='bbox 1237 3622 1334 3685; x_wconf 89' lang='lat' dir='ltr'>quam</span> <span class='ocrx_word' id='word_1_270' title='bbox 1357 3599 1539 3683; x_wconf 86' lang='lat' dir='ltr'>oportebat,</span> 
     </span>
     <span class='ocr_line' id='line_1_34' title="bbox 498 3685 1539 3772; baseline 0 -23"><span class='ocrx_word' id='word_1_271' title='bbox 498 3687 540 3750; x_wconf 89' lang='lat' dir='ltr'>ab</span> <span class='ocrx_word' id='word_1_272' title='bbox 556 3707 595 3748; x_wconf 86' lang='lat' dir='ltr'>eo</span> <span class='ocrx_word' id='word_1_273' title='bbox 611 3686 815 3759; x_wconf 62' lang='lat' dir='ltr'>constitutos</span> <span class='ocrx_word' id='word_1_274' title='bbox 831 3685 894 3748; x_wconf 92' lang='lat' dir='ltr'>hoc</span> <span class='ocrx_word' id='word_1_275' title='bbox 909 3697 958 3749; x_wconf 92' lang='lat' dir='ltr'>est</span> <span class='ocrx_word' id='word_1_276' title='bbox 971 3709 1057 3750; x_wconf 87' lang='lat' dir='ltr'>anno</span> <span class='ocrx_word' id='word_1_277' title='bbox 1072 3686 1171 3772; x_wconf 91' lang='lat' dir='ltr'>patris</span> <span class='ocrx_word' id='word_1_278' title='bbox 1194 3685 1309 3748; x_wconf 76' lang='lat' dir='ltr'>Thatae</span> <span class='ocrx_word' id='word_1_279' title='bbox 1325 3699 1375 3763; x_wconf 91' lang='lat'>70,</span> <span class='ocrx_word' id='word_1_280' title='bbox 1392 3706 1457 3748; x_wconf 91' lang='lat' dir='ltr'>non</span> <span class='ocrx_word' id='word_1_281' title='bbox 1476 3698 1539 3764; x_wconf 89' lang='grc'><strong>130,</strong></span> 
     </span>
     <span class='ocr_line' id='line_1_35' title="bbox 499 3770 1539 3858; baseline -0.002 -24"><span class='ocrx_word' id='word_1_282' title='bbox 499 3770 689 3835; x_wconf 87' lang='lat' dir='ltr'>consulendi</span> <span class='ocrx_word' id='word_1_283' title='bbox 709 3786 784 3836; x_wconf 90' lang='lat' dir='ltr'>sunt</span> <span class='ocrx_word' id='word_1_284' title='bbox 805 3771 1016 3858; x_wconf 82' lang='lat' dir='ltr'>chronologi3</span> <span class='ocrx_word' id='word_1_285' title='bbox 1039 3772 1144 3858; x_wconf 85' lang='lat' dir='ltr'>magis</span> <span class='ocrx_word' id='word_1_286' title='bbox 1166 3772 1252 3835; x_wconf 90' lang='lat' dir='ltr'>enim</span> <span class='ocrx_word' id='word_1_287' title='bbox 1275 3771 1407 3856; x_wconf 87' lang='lat' dir='ltr'>quinam</span> <span class='ocrx_word' id='word_1_288' title='bbox 1423 3771 1539 3835; x_wconf 87' lang='lat' dir='ltr'>fuerint</span> 
     </span>
     <span class='ocr_line' id='line_1_36' title="bbox 499 3856 1538 3947; baseline -0.001 -27"><span class='ocrx_word' id='word_1_289' title='bbox 499 3857 645 3921; x_wconf 88' lang='lat' dir='ltr'>Africani</span> <span class='ocrx_word' id='word_1_290' title='bbox 663 3857 798 3938; x_wconf 88' lang='lat' dir='ltr'>numeri,</span> <span class='ocrx_word' id='word_1_291' title='bbox 814 3881 911 3946; x_wconf 87' lang='lat' dir='ltr'>quam</span> <span class='ocrx_word' id='word_1_292' title='bbox 932 3859 988 3947; x_wconf 91' lang='lat' dir='ltr'>qui</span> <span class='ocrx_word' id='word_1_293' title='bbox 1009 3859 1165 3926; x_wconf 87' lang='lat' dir='ltr'>deberent</span> <span class='ocrx_word' id='word_1_294' title='bbox 1187 3879 1267 3936; x_wconf 89' lang='lat' dir='ltr'>esse,</span> <span class='ocrx_word' id='word_1_295' title='bbox 1282 3856 1364 3920; x_wconf 90' lang='lat' dir='ltr'>mihi</span> <span class='ocrx_word' id='word_1_296' title='bbox 1384 3879 1472 3921; x_wconf 86' lang='lat' dir='ltr'>curae</span> <span class='ocrx_word' id='word_1_297' title='bbox 1490 3867 1538 3920; x_wconf 87' lang='lat' dir='ltr'>est</span> 
     </span>
     <span class='ocr_line' id='line_1_37' title="bbox 499 3964 670 4028; baseline 0.012 -23"><span class='ocrx_word' id='word_1_298' title='bbox 499 3964 670 4028; x_wconf 81' lang='lat' dir='ltr'>exponere.</span> 
     </span>
    </p>
   </div>
   <div class='ocr_carea' id='block_1_3' title="bbox 1000 4162 1044 4225">
    <p class='ocr_par' dir='ltr' id='par_1_3' title="bbox 1000 4162 1044 4225">
     <span class='ocr_line' id='line_1_38' title="bbox 1000 4162 1044 4225; baseline 0 0"><span class='ocrx_word' id='word_1_299' title='bbox 1000 4162 1044 4225; x_wconf 90' lang='lat' dir='ltr'>X.</span> 
     </span>
    </p>
   </div>
   <div class='ocr_carea' id='block_1_4' title="bbox 443 4311 1538 4832">
    <p class='ocr_par' dir='ltr' id='par_1_4' title="bbox 443 4311 1538 4660">
     <span class='ocr_line' id='line_1_39' title="bbox 443 4311 1536 4402; baseline 0.004 -25"><span class='ocrx_word' id='word_1_300' title='bbox 443 4352 449 4365; x_wconf 58' lang='grc' dir='ltr'><em>ι</em></span> <span class='ocrx_word' id='word_1_301' title='bbox 544 4312 628 4378; x_wconf 92' lang='lat' dir='ltr'>lbid.</span> <span class='ocrx_word' id='word_1_302' title='bbox 644 4311 666 4376; x_wconf 98' lang='lat' dir='ltr'>l.</span> <span class='ocrx_word' id='word_1_303' title='bbox 681 4330 712 4390; x_wconf 85' lang='lat'>9.</span> <span class='ocrx_word' id='word_1_304' title='bbox 734 4314 874 4396; x_wconf 71' lang='grc' dir='ltr'>Αἰγῦπῖιοι</span> <span class='ocrx_word' id='word_1_305' title='bbox 897 4314 946 4396; x_wconf 78' lang='grc' dir='ltr'>μὲν</span> <span class='ocrx_word' id='word_1_306' title='bbox 969 4313 1012 4377; x_wconf 81' lang='grc' dir='ltr'>οὖν</span> <span class='ocrx_word' id='word_1_307' title='bbox 1029 4314 1105 4398; x_wconf 73' lang='lat' dir='ltr'>dcc]</span> <span class='ocrx_word' id='word_1_308' title='bbox 1129 4313 1229 4400; x_wconf 88' lang='lat' dir='ltr'>Apud</span> <span class='ocrx_word' id='word_1_309' title='bbox 1253 4314 1434 4401; x_wconf 75' lang='lat' dir='ltr'>Syncellum</span> <span class='ocrx_word' id='word_1_310' title='bbox 1456 4339 1536 4402; x_wconf 77' lang='lat' dir='ltr'>pra·</span> 
     </span>
     <span class='ocr_line' id='line_1_40' title="bbox 501 4389 1537 4487; baseline 0 -23"><span class='ocrx_word' id='word_1_311' title='bbox 501 4389 581 4466; x_wconf 77' lang='lat' dir='ltr'>fixus</span> <span class='ocrx_word' id='word_1_312' title='bbox 596 4413 645 4464; x_wconf 90' lang='lat' dir='ltr'>est</span> <span class='ocrx_word' id='word_1_313' title='bbox 658 4398 789 4462; x_wconf 79' lang='lat' dir='ltr'>titulus:</span> <span class='ocrx_word' id='word_1_314' title='bbox 811 4402 989 4487; x_wconf 73' lang='grc' dir='ltr'>Ἀφρικανοῦ.</span> <span class='ocrx_word' id='word_1_315' title='bbox 1013 4406 1058 4462; x_wconf 79' lang='grc' dir='ltr'>Πε</span> <span class='ocrx_word' id='word_1_316' title='bbox 1076 4402 1145 4477; x_wconf 62' lang='lat' dir='ltr'>iris</span> <span class='ocrx_word' id='word_1_317' title='bbox 1160 4408 1212 4465; x_wconf 80' lang='grc' dir='ltr'>τῶν</span> <span class='ocrx_word' id='word_1_318' title='bbox 1225 4401 1379 4485; x_wconf 67' lang='grc' dir='ltr'>Αἰγυπῖίων</span> <span class='ocrx_word' id='word_1_319' title='bbox 1392 4404 1441 4465; x_wconf 70' lang='grc' dir='ltr'>καὶ</span> <span class='ocrx_word' id='word_1_320' title='bbox 1455 4407 1537 4467; x_wconf 83' lang='grc' dir='ltr'>Χαλ-</span> 
     </span>
     <span class='ocr_line' id='line_1_41' title="bbox 500 4427 1538 4573; baseline 0 -25"><span class='ocrx_word' id='word_1_321' title='bbox 500 4486 583 4549; x_wconf 71' lang='grc' dir='ltr'>δαίων</span> <span class='ocrx_word' id='word_1_322' title='bbox 604 4484 745 4568; x_wconf 69' lang='grc' dir='ltr'>μυθώδους</span> <span class='ocrx_word' id='word_1_323' title='bbox 762 4487 959 4569; x_wconf 72' lang='grc' dir='ltr'><strong>χρονολογίας.</strong></span> <span class='ocrx_word' id='word_1_324' title='bbox 996 4427 1141 4573; x_wconf 77' lang='lat' dir='ltr'>Scailger</span> <span class='ocrx_word' id='word_1_325' title='bbox 1166 4487 1207 4551; x_wconf 86' lang='lat' dir='ltr'>ad</span> <span class='ocrx_word' id='word_1_326' title='bbox 1230 4509 1303 4573; x_wconf 83' lang='lat' dir='ltr'>pag.</span> <span class='ocrx_word' id='word_1_327' title='bbox 1320 4502 1348 4550; x_wconf 88' lang='lat'>8.</span> <span class='ocrx_word' id='word_1_328' title='bbox 1369 4484 1538 4552; x_wconf 76' lang='lat' dir='ltr'>Eusebiani</span> 
     </span>
     <span class='ocr_line' id='line_1_42' title="bbox 500 4570 1380 4660; baseline -0.002 -23"><span class='ocrx_word' id='word_1_329' title='bbox 500 4572 550 4637; x_wconf 83' lang='lat' dir='ltr'>sui</span> <span class='ocrx_word' id='word_1_330' title='bbox 568 4571 710 4636; x_wconf 70' lang='lat' dir='ltr'>Cironici</span> <span class='ocrx_word' id='word_1_331' title='bbox 725 4570 857 4634; x_wconf 85' lang='lat' dir='ltr'>eandem</span> <span class='ocrx_word' id='word_1_332' title='bbox 874 4571 956 4634; x_wconf 87' lang='lat' dir='ltr'>hanc</span> <span class='ocrx_word' id='word_1_333' title='bbox 969 4571 1114 4636; x_wconf 85' lang='lat' dir='ltr'>Africani</span> <span class='ocrx_word' id='word_1_334' title='bbox 1128 4578 1204 4660; x_wconf 77' lang='grc' dir='ltr'><strong><em>ῥῆσιν</em></strong></span> <span class='ocrx_word' id='word_1_335' title='bbox 1217 4587 1380 4659; x_wconf 88' lang='lat' dir='ltr'>posuerat.</span> 
     </span>
    </p>

    <p class='ocr_par' dir='ltr' id='par_1_5' title="bbox 499 4656 1537 4832">
     <span class='ocr_line' id='line_1_43' title="bbox 543 4656 1537 4745; baseline 0.001 -25"><span class='ocrx_word' id='word_1_336' title='bbox 543 4657 628 4721; x_wconf 83' lang='lat' dir='ltr'>&#39;lbid.</span> <span class='ocrx_word' id='word_1_337' title='bbox 651 4659 693 4720; x_wconf 73' lang='grc' dir='ltr'>ἐπὶ</span> <span class='ocrx_word' id='word_1_338' title='bbox 706 4658 737 4721; x_wconf 80' lang='grc' dir='ltr'>τὸ</span> <span class='ocrx_word' id='word_1_339' title='bbox 754 4656 957 4742; x_wconf 59' lang='lat' dir='ltr'>›caprulis-spor</span> <span class='ocrx_word' id='word_1_340' title='bbox 968 4656 1076 4742; x_wconf 75' lang='grc' dir='ltr'><strong><em>χρόνων</em></strong></span> <span class='ocrx_word' id='word_1_341' title='bbox 1091 4661 1220 4745; x_wconf 67' lang='grc' dir='ltr'>ωεριτῖοὶς</span> <span class='ocrx_word' id='word_1_342' title='bbox 1234 4658 1394 4744; x_wconf 65' lang='grc' dir='ltr'>περιόδους]</span> <span class='ocrx_word' id='word_1_343' title='bbox 1408 4661 1458 4723; x_wconf 88' lang='lat' dir='ltr'>lta</span> <span class='ocrx_word' id='word_1_344' title='bbox 1472 4657 1537 4722; x_wconf 84' lang='lat' dir='ltr'>edl-</span> 
     </span>
     <span class='ocr_line' id='line_1_44' title="bbox 499 4741 1537 4832; baseline -0.001 -23"><span class='ocrx_word' id='word_1_345' title='bbox 499 4743 593 4809; x_wconf 89' lang='lat' dir='ltr'>derat</span> <span class='ocrx_word' id='word_1_346' title='bbox 605 4743 760 4831; x_wconf 88' lang='lat' dir='ltr'>Scaliger,</span> <span class='ocrx_word' id='word_1_347' title='bbox 776 4742 832 4807; x_wconf 87' lang='lat' dir='ltr'>sed</span> <span class='ocrx_word' id='word_1_348' title='bbox 847 4748 900 4806; x_wconf 80' lang='grc' dir='ltr'>τῶν</span> <span class='ocrx_word' id='word_1_349' title='bbox 914 4763 974 4828; x_wconf 89' lang='lat' dir='ltr'>pro</span> <span class='ocrx_word' id='word_1_350' title='bbox 988 4741 1032 4822; x_wconf 81' lang='grc' dir='ltr'>τό,</span> <span class='ocrx_word' id='word_1_351' title='bbox 1048 4756 1082 4808; x_wconf 92' lang='lat' dir='ltr'>et</span> <span class='ocrx_word' id='word_1_352' title='bbox 1096 4746 1164 4831; x_wconf 69' lang='lat' dir='ltr'>aspi</span> <span class='ocrx_word' id='word_1_353' title='bbox 1183 4747 1235 4818; x_wconf 74' lang='grc' dir='ltr'>τὰς</span> <span class='ocrx_word' id='word_1_354' title='bbox 1251 4766 1312 4831; x_wconf 90' lang='lat' dir='ltr'>pro</span> <span class='ocrx_word' id='word_1_355' title='bbox 1327 4747 1467 4832; x_wconf 64' lang='grc' dir='ltr'>ωεριτϊάς,</span> <span class='ocrx_word' id='word_1_356' title='bbox 1483 4744 1537 4808; x_wconf 91' lang='lat' dir='ltr'>ha·</span> 
     </span>
    </p>
   </div>
   <div class='ocr_carea' id='block_1_5' title="bbox 0 0 2050 5675">
    <p class='ocr_par' dir='ltr' id='par_1_6' title="bbox 0 0 2050 5675">
     <span class='ocr_line' id='line_1_45' title="bbox 0 0 2050 5675; baseline 0 2"><span class='ocrx_word' id='word_1_357' title='bbox 0 0 2050 5675; x_wconf 95' lang='lat' dir='ltr'> </span> 
     </span>
    </p>
   </div>
  </div>
 </body>
</html>
