<?xml version="1.0" encoding="UTF-8"?>
<!DOCTYPE html PUBLIC "-//W3C//DTD XHTML 1.0 Transitional//EN"
    "http://www.w3.org/TR/xhtml1/DTD/xhtml1-transitional.dtd">
<html xmlns="http://www.w3.org/1999/xhtml" xml:lang="en" lang="en">
 <head>
  <title>
</title>
<meta http-equiv="Content-Type" content="text/html;charset=utf-8" />
  <meta name='ocr-system' content='tesseract 3.04.00' />
  <meta name='ocr-capabilities' content='ocr_page ocr_carea ocr_par ocr_line ocrx_word'/>
</head>
<body>
  <div class='ocr_page' id='page_1' title='image "./reliquiaesacrae09routgoog_0080.png"; bbox 0 0 4092 5675; ppageno 0'>
   <div class='ocr_carea' id='block_1_1' title="bbox 598 756 1440 841">
    <p class='ocr_par' dir='ltr' id='par_1_1' title="bbox 598 756 1440 841">
     <span class='ocr_line' id='line_1_1' title="bbox 598 756 1440 841; baseline 0.001 -18"><span class='ocrx_word' id='word_1_1' title='bbox 598 773 639 841; x_wconf 56' lang='grc' dir='ltr'>φο</span> <span class='ocrx_word' id='word_1_2' title='bbox 784 758 1018 825; x_wconf 70' lang='lat' dir='ltr'>nunonis.</span> <span class='ocrx_word' id='word_1_3' title='bbox 1041 760 1093 825; x_wconf 78' lang='lat' dir='ltr'>nr</span> <span class='ocrx_word' id='word_1_4' title='bbox 1115 756 1440 824; x_wconf 77' lang='lat' dir='ltr'>Aronuoururu.</span> 
     </span>
    </p>
   </div>
   <div class='ocr_carea' id='block_1_2' title="bbox 520 926 1699 3818">
    <p class='ocr_par' dir='ltr' id='par_1_2' title="bbox 598 926 1699 1101">
     <span class='ocr_line' id='line_1_2' title="bbox 598 926 1699 1016; baseline -0.003 -23"><span class='ocrx_word' id='word_1_5' title='bbox 598 932 657 1011; x_wconf 74' lang='grc' dir='ltr'>λῆμ</span> <span class='ocrx_word' id='word_1_6' title='bbox 672 927 863 1015; x_wconf 65' lang='grc' dir='ltr'>διατρίψαντεζ</span> <span class='ocrx_word' id='word_1_7' title='bbox 873 928 983 1016; x_wconf 74' lang='grc' dir='ltr'>χρόνον,</span> <span class='ocrx_word' id='word_1_8' title='bbox 999 928 1060 993; x_wconf 76' lang='grc' dir='ltr'>εἶτα</span> <span class='ocrx_word' id='word_1_9' title='bbox 1073 933 1116 993; x_wconf 81' lang='grc' dir='ltr'>ὑπ’</span> <span class='ocrx_word' id='word_1_10' title='bbox 1130 934 1219 993; x_wconf 79' lang='grc' dir='ltr'><strong><em>αὐτῶν</em></strong></span> <span class='ocrx_word' id='word_1_11' title='bbox 1232 928 1377 1003; x_wconf 55' lang='lat' dir='ltr'>{nandum</span> <span class='ocrx_word' id='word_1_12' title='bbox 1395 927 1464 993; x_wconf 69' lang='grc' dir='ltr'>οὕτω</span> <span class='ocrx_word' id='word_1_13' title='bbox 1484 926 1636 1016; x_wconf 58' lang='grc' dir='ltr'>διεσπάρηζ</span> <span class='ocrx_word' id='word_1_14' title='bbox 1697 944 1699 948; x_wconf 87' lang='grc'><strong>“</strong></span> 
     </span>
     <span class='ocr_line' id='line_1_3' title="bbox 598 1013 1323 1101; baseline 0.001 -24"><span class='ocrx_word' id='word_1_15' title='bbox 598 1039 654 1077; x_wconf 83' lang='grc' dir='ltr'>σαν</span> <span class='ocrx_word' id='word_1_16' title='bbox 669 1019 756 1088; x_wconf 56' lang='lat' dir='ltr'>eierat</span> <span class='ocrx_word' id='word_1_17' title='bbox 770 1015 842 1093; x_wconf 67' lang='grc' dir='ltr'><strong>ἔθνη.</strong></span> <span class='ocrx_word' id='word_1_18' title='bbox 864 1019 946 1080; x_wconf 85' lang='lat' dir='ltr'>tom.</span> <span class='ocrx_word' id='word_1_19' title='bbox 960 1016 992 1079; x_wconf 86' lang='lat' dir='ltr'>ii.</span> <span class='ocrx_word' id='word_1_20' title='bbox 1009 1037 1040 1101; x_wconf 87' lang='lat' dir='ltr'>p.</span> <span class='ocrx_word' id='word_1_21' title='bbox 1053 1030 1123 1080; x_wconf 83' lang='grc'><strong>438.</strong></span> <span class='ocrx_word' id='word_1_22' title='bbox 1138 1013 1190 1079; x_wconf 87' lang='lat' dir='ltr'>ed.</span> <span class='ocrx_word' id='word_1_23' title='bbox 1206 1016 1323 1079; x_wconf 62' lang='lat' dir='ltr'>Serviliis</span> 
     </span>
    </p>

    <p class='ocr_par' dir='ltr' id='par_1_3' title="bbox 599 1099 1634 1273">
     <span class='ocr_line' id='line_1_4' title="bbox 645 1099 1634 1188; baseline 0.002 -26"><span class='ocrx_word' id='word_1_24' title='bbox 645 1101 740 1177; x_wconf 52' lang='lat' dir='ltr'>Paeo.</span> <span class='ocrx_word' id='word_1_25' title='bbox 762 1101 784 1165; x_wconf 87' lang='lat' dir='ltr'>l.</span> <span class='ocrx_word' id='word_1_26' title='bbox 803 1118 849 1179; x_wconf 85' lang='lat'>19.</span> <span class='ocrx_word' id='word_1_27' title='bbox 872 1104 915 1161; x_wconf 69' lang='grc' dir='ltr'>καὶ</span> <span class='ocrx_word' id='word_1_28' title='bbox 931 1106 1006 1184; x_wconf 58' lang='grc' dir='ltr'>νεκρὸν</span> <span class='ocrx_word' id='word_1_29' title='bbox 1021 1103 1045 1161; x_wconf 63' lang='lat' dir='ltr'>ab</span> <span class='ocrx_word' id='word_1_30' title='bbox 1063 1102 1137 1186; x_wconf 67' lang='lat' dir='ltr'>dte]</span> <span class='ocrx_word' id='word_1_31' title='bbox 1155 1102 1230 1167; x_wconf 90' lang='lat' dir='ltr'>Vid.</span> <span class='ocrx_word' id='word_1_32' title='bbox 1248 1123 1343 1188; x_wconf 85' lang='lat' dir='ltr'>supra</span> <span class='ocrx_word' id='word_1_33' title='bbox 1363 1112 1432 1164; x_wconf 87' lang='lat' dir='ltr'>not.</span> <span class='ocrx_word' id='word_1_34' title='bbox 1450 1099 1483 1164; x_wconf 94' lang='lat' dir='ltr'>in</span> <span class='ocrx_word' id='word_1_35' title='bbox 1504 1100 1634 1164; x_wconf 66' lang='lat' dir='ltr'>Pina</span> 
     </span>
     <span class='ocr_line' id='line_1_5' title="bbox 599 1185 1118 1273; baseline 0 -23"><span class='ocrx_word' id='word_1_36' title='bbox 599 1187 794 1270; x_wconf 80' lang='lat' dir='ltr'>Fragmenta</span> <span class='ocrx_word' id='word_1_37' title='bbox 806 1185 846 1250; x_wconf 91' lang='lat' dir='ltr'>ad</span> <span class='ocrx_word' id='word_1_38' title='bbox 861 1208 937 1273; x_wconf 84' lang='lat' dir='ltr'>pag.</span> <span class='ocrx_word' id='word_1_39' title='bbox 948 1201 997 1250; x_wconf 90' lang='grc' dir='ltr'>3ο.</span> <span class='ocrx_word' id='word_1_40' title='bbox 1012 1187 1075 1250; x_wconf 91' lang='lat' dir='ltr'>vol.</span> <span class='ocrx_word' id='word_1_41' title='bbox 1091 1188 1118 1250; x_wconf 90' lang='lat'>1.</span> 
     </span>
    </p>

    <p class='ocr_par' dir='ltr' id='par_1_4' title="bbox 520 1270 1642 1870">
     <span class='ocr_line' id='line_1_6' title="bbox 628 1270 1640 1420; baseline 0.003 -86"><span class='ocrx_word' id='word_1_42' title='bbox 628 1272 678 1334; x_wconf 87' lang='grc' dir='ltr'>-Ῥ,</span> <span class='ocrx_word' id='word_1_43' title='bbox 693 1278 742 1335; x_wconf 88' lang='lat'>60.</span> <span class='ocrx_word' id='word_1_44' title='bbox 760 1272 782 1335; x_wconf 88' lang='lat' dir='ltr'>l.</span> <span class='ocrx_word' id='word_1_45' title='bbox 795 1287 825 1336; x_wconf 85' lang='lat'>3.</span> <span class='ocrx_word' id='word_1_46' title='bbox 847 1272 891 1338; x_wconf 65' lang='grc' dir='ltr'>τὴν</span> <span class='ocrx_word' id='word_1_47' title='bbox 905 1273 1030 1420; x_wconf 39' lang='lat' dir='ltr'>andrai}</span> <span class='ocrx_word' id='word_1_48' title='bbox 1050 1274 1119 1337; x_wconf 84' lang='lat' dir='ltr'>Etsi</span> <span class='ocrx_word' id='word_1_49' title='bbox 1133 1271 1280 1336; x_wconf 82' lang='lat' dir='ltr'>Valesius</span> <span class='ocrx_word' id='word_1_50' title='bbox 1302 1270 1478 1350; x_wconf 88' lang='lat' dir='ltr'><strong>codicibus,</strong></span> <span class='ocrx_word' id='word_1_51' title='bbox 1492 1282 1531 1336; x_wconf 93' lang='lat' dir='ltr'>ut</span> <span class='ocrx_word' id='word_1_52' title='bbox 1551 1271 1640 1337; x_wconf 83' lang='lat' dir='ltr'>veri-</span> 
     </span>
     <span class='ocr_line' id='line_1_7' title="bbox 599 1356 1638 1443; baseline -0.001 -22"><span class='ocrx_word' id='word_1_53' title='bbox 599 1356 703 1421; x_wconf 81' lang='lat' dir='ltr'>simile</span> <span class='ocrx_word' id='word_1_54' title='bbox 718 1370 778 1436; x_wconf 86' lang='lat' dir='ltr'>est,</span> <span class='ocrx_word' id='word_1_55' title='bbox 792 1358 884 1422; x_wconf 89' lang='lat' dir='ltr'>nixus</span> <span class='ocrx_word' id='word_1_56' title='bbox 898 1360 943 1421; x_wconf 90' lang='lat' dir='ltr'>ita</span> <span class='ocrx_word' id='word_1_57' title='bbox 957 1357 1008 1421; x_wconf 92' lang='lat' dir='ltr'>edi</span> <span class='ocrx_word' id='word_1_58' title='bbox 1032 1358 1117 1437; x_wconf 87' lang='lat' dir='ltr'>isset,</span> <span class='ocrx_word' id='word_1_59' title='bbox 1132 1380 1236 1443; x_wconf 90' lang='lat' dir='ltr'>neque</span> <span class='ocrx_word' id='word_1_60' title='bbox 1251 1358 1336 1421; x_wconf 88' lang='lat' dir='ltr'>enim</span> <span class='ocrx_word' id='word_1_61' title='bbox 1354 1370 1537 1442; x_wconf 86' lang='lat' dir='ltr'>agnoscunt</span> <span class='ocrx_word' id='word_1_62' title='bbox 1551 1360 1638 1443; x_wconf 73' lang='grc' dir='ltr'><strong>ἔχθι-</strong></span> 
     </span>
     <span class='ocr_line' id='line_1_8' title="bbox 520 1442 1642 1530; baseline 0.002 -25"><span class='ocrx_word' id='word_1_63' title='bbox 520 1458 524 1464; x_wconf 86' lang='grc'><em>·</em></span> <span class='ocrx_word' id='word_1_64' title='bbox 599 1443 686 1520; x_wconf 78' lang='grc' dir='ltr'><em>ςίιτην</em></span> <span class='ocrx_word' id='word_1_65' title='bbox 701 1443 796 1507; x_wconf 86' lang='lat' dir='ltr'><strong>codd.</strong></span> <span class='ocrx_word' id='word_1_66' title='bbox 810 1444 874 1507; x_wconf 90' lang='lat' dir='ltr'>mei</span> <span class='ocrx_word' id='word_1_67' title='bbox 889 1443 982 1507; x_wconf 83' lang='lat' dir='ltr'>Bodl.</span> <span class='ocrx_word' id='word_1_68' title='bbox 997 1457 1031 1508; x_wconf 90' lang='lat' dir='ltr'>et</span> <span class='ocrx_word' id='word_1_69' title='bbox 1043 1442 1183 1530; x_wconf 77' lang='lat' dir='ltr'>Norsolc.</span> <span class='ocrx_word' id='word_1_70' title='bbox 1203 1464 1242 1507; x_wconf 88' lang='lat' dir='ltr'>ex</span> <span class='ocrx_word' id='word_1_71' title='bbox 1260 1442 1306 1507; x_wconf 83' lang='lat' dir='ltr'>ed.</span> <span class='ocrx_word' id='word_1_72' title='bbox 1324 1454 1431 1505; x_wconf 91' lang='lat' dir='ltr'>tamen</span> <span class='ocrx_word' id='word_1_73' title='bbox 1447 1443 1553 1527; x_wconf 72' lang='lat' dir='ltr'>steph.</span> <span class='ocrx_word' id='word_1_74' title='bbox 1567 1444 1642 1508; x_wconf 60' lang='lat' dir='ltr'>lec*-</span> 
     </span>
     <span class='ocr_line' id='line_1_9' title="bbox 598 1528 1639 1614; baseline 0.002 -22"><span class='ocrx_word' id='word_1_75' title='bbox 598 1530 721 1593; x_wconf 87' lang='lat' dir='ltr'>tionem</span> <span class='ocrx_word' id='word_1_76' title='bbox 744 1533 792 1607; x_wconf 69' lang='grc' dir='ltr'>τὴν</span> <span class='ocrx_word' id='word_1_77' title='bbox 814 1530 966 1614; x_wconf 70' lang='grc' dir='ltr'>ἐχθιςίιτην</span> <span class='ocrx_word' id='word_1_78' title='bbox 988 1530 1092 1607; x_wconf 79' lang='grc' dir='ltr'>πλάνην</span> <span class='ocrx_word' id='word_1_79' title='bbox 1117 1529 1278 1593; x_wconf 84' lang='lat' dir='ltr'>Strothius</span> <span class='ocrx_word' id='word_1_80' title='bbox 1302 1528 1469 1591; x_wconf 83' lang='lat' dir='ltr'>revocavit.</span> <span class='ocrx_word' id='word_1_81' title='bbox 1514 1529 1580 1592; x_wconf 89' lang='lat' dir='ltr'>Sed</span> <span class='ocrx_word' id='word_1_82' title='bbox 1604 1541 1639 1594; x_wconf 83' lang='lat' dir='ltr'>et</span> 
     </span>
     <span class='ocr_line' id='line_1_10' title="bbox 598 1607 1638 1700; baseline 0.001 -22"><span class='ocrx_word' id='word_1_83' title='bbox 598 1636 619 1678; x_wconf 92' lang='lat' dir='ltr'>a</span> <span class='ocrx_word' id='word_1_84' title='bbox 633 1614 805 1699; x_wconf 73' lang='lat' dir='ltr'>Mcepboro</span> <span class='ocrx_word' id='word_1_85' title='bbox 825 1638 886 1678; x_wconf 90' lang='lat' dir='ltr'>vox</span> <span class='ocrx_word' id='word_1_86' title='bbox 906 1615 1008 1691; x_wconf 89' lang='lat' dir='ltr'>abest,</span> <span class='ocrx_word' id='word_1_87' title='bbox 1022 1636 1127 1700; x_wconf 90' lang='lat' dir='ltr'>neque</span> <span class='ocrx_word' id='word_1_88' title='bbox 1147 1614 1302 1677; x_wconf 86' lang='lat' dir='ltr'>invenisse</span> <span class='ocrx_word' id='word_1_89' title='bbox 1322 1634 1394 1676; x_wconf 88' lang='lat' dir='ltr'>eam</span> <span class='ocrx_word' id='word_1_90' title='bbox 1410 1607 1539 1698; x_wconf 78' lang='lat' dir='ltr'>Rufinus</span> <span class='ocrx_word' id='word_1_91' title='bbox 1553 1614 1638 1679; x_wconf 91' lang='lat' dir='ltr'>mihi</span> 
     </span>
     <span class='ocr_line' id='line_1_11' title="bbox 598 1697 1639 1787; baseline 0 -23"><span class='ocrx_word' id='word_1_92' title='bbox 598 1700 728 1787; x_wconf 86' lang='lat' dir='ltr'>quidem</span> <span class='ocrx_word' id='word_1_93' title='bbox 744 1701 880 1777; x_wconf 88' lang='lat' dir='ltr'>videtur,</span> <span class='ocrx_word' id='word_1_94' title='bbox 895 1701 950 1786; x_wconf 92' lang='lat' dir='ltr'>qui</span> <span class='ocrx_word' id='word_1_95' title='bbox 964 1701 1067 1779; x_wconf 87' lang='lat' dir='ltr'>vertit,</span> <span class='ocrx_word' id='word_1_96' title='bbox 1082 1702 1137 1764; x_wconf 80' lang='lat' dir='ltr'>Ex</span> <span class='ocrx_word' id='word_1_97' title='bbox 1156 1698 1266 1787; x_wconf 78' lang='lat' dir='ltr'>quibus</span> <span class='ocrx_word' id='word_1_98' title='bbox 1287 1697 1424 1763; x_wconf 79' lang='lat' dir='ltr'>omnibus</span> <span class='ocrx_word' id='word_1_99' title='bbox 1444 1698 1639 1764; x_wconf 77' lang='lat' dir='ltr'>vehementer</span> 
     </span>
     <span class='ocr_line' id='line_1_12' title="bbox 601 1785 1126 1870; baseline -0.002 -20"><span class='ocrx_word' id='word_1_100' title='bbox 601 1785 780 1870; x_wconf 82' lang='lat' dir='ltr'>supradicto</span> <span class='ocrx_word' id='word_1_101' title='bbox 796 1785 921 1849; x_wconf 73' lang='lat' dir='ltr'>haeresis</span> <span class='ocrx_word' id='word_1_102' title='bbox 936 1785 1126 1870; x_wconf 80' lang='lat' dir='ltr'>confutatur.</span> 
     </span>
    </p>

    <p class='ocr_par' dir='ltr' id='par_1_5' title="bbox 599 1863 1638 2127">
     <span class='ocr_line' id='line_1_13' title="bbox 645 1863 1638 1958; baseline 0.002 -24"><span class='ocrx_word' id='word_1_103' title='bbox 645 1870 729 1934; x_wconf 88' lang='lat' dir='ltr'>Ibid.</span> <span class='ocrx_word' id='word_1_104' title='bbox 744 1870 765 1934; x_wconf 91' lang='lat' dir='ltr'>l.</span> <span class='ocrx_word' id='word_1_105' title='bbox 782 1886 827 1934; x_wconf 88' lang='lat'>10.</span> <span class='ocrx_word' id='word_1_106' title='bbox 848 1876 878 1930; x_wconf 90' lang='lat' dir='ltr'>in</span> <span class='ocrx_word' id='word_1_107' title='bbox 892 1893 949 1949; x_wconf 92' lang='lat' dir='ltr'>quo</span> <span class='ocrx_word' id='word_1_108' title='bbox 964 1876 1074 1941; x_wconf 89' lang='lat' dir='ltr'>asserit,</span> <span class='ocrx_word' id='word_1_109' title='bbox 1088 1875 1261 1931; x_wconf 85' lang='lat' dir='ltr'><strong>Montanum</strong></span> <span class='ocrx_word' id='word_1_110' title='bbox 1275 1874 1340 1947; x_wconf 69' lang='lat' dir='ltr'>bro]</span> <span class='ocrx_word' id='word_1_111' title='bbox 1354 1869 1439 1934; x_wconf 81' lang='lat' dir='ltr'>Vide</span> <span class='ocrx_word' id='word_1_112' title='bbox 1453 1892 1527 1956; x_wconf 86' lang='lat' dir='ltr'>quae</span> <span class='ocrx_word' id='word_1_113' title='bbox 1540 1863 1638 1958; x_wconf 71' lang='lat' dir='ltr'>posui</span> 
     </span>
     <span class='ocr_line' id='line_1_14' title="bbox 599 1953 1637 2043; baseline 0.001 -23"><span class='ocrx_word' id='word_1_114' title='bbox 599 1978 697 2041; x_wconf 84' lang='lat' dir='ltr'>supra</span> <span class='ocrx_word' id='word_1_115' title='bbox 716 1956 756 2020; x_wconf 91' lang='lat' dir='ltr'>ad</span> <span class='ocrx_word' id='word_1_116' title='bbox 772 1955 964 2043; x_wconf 82' lang='lat' dir='ltr'>Hieronymi</span> <span class='ocrx_word' id='word_1_117' title='bbox 977 1967 1086 2040; x_wconf 91' lang='lat' dir='ltr'>caput,</span> <span class='ocrx_word' id='word_1_118' title='bbox 1103 1968 1137 2017; x_wconf 88' lang='lat' dir='ltr'>et</span> <span class='ocrx_word' id='word_1_119' title='bbox 1156 1954 1239 2018; x_wconf 85' lang='lat' dir='ltr'>infra</span> <span class='ocrx_word' id='word_1_120' title='bbox 1259 1953 1300 2017; x_wconf 86' lang='lat' dir='ltr'>ad</span> <span class='ocrx_word' id='word_1_121' title='bbox 1319 1957 1521 2021; x_wconf 78' lang='lat' dir='ltr'>Aucrorus</span> <span class='ocrx_word' id='word_1_122' title='bbox 1538 1978 1637 2021; x_wconf 82' lang='lat' dir='ltr'>cou-</span> 
     </span>
     <span class='ocr_line' id='line_1_15' title="bbox 602 2040 1407 2127; baseline -0.001 -22"><span class='ocrx_word' id='word_1_123' title='bbox 602 2063 677 2105; x_wconf 71' lang='lat' dir='ltr'>sus</span> <span class='ocrx_word' id='word_1_124' title='bbox 694 2041 981 2106; x_wconf 71' lang='lat' dir='ltr'>Cx‘rnrunrons</span> <span class='ocrx_word' id='word_1_125' title='bbox 999 2043 1204 2127; x_wconf 83' lang='lat' dir='ltr'>Fragmenta,</span> <span class='ocrx_word' id='word_1_126' title='bbox 1219 2040 1311 2104; x_wconf 89' lang='lat' dir='ltr'>initio</span> <span class='ocrx_word' id='word_1_127' title='bbox 1325 2041 1407 2126; x_wconf 86' lang='lat' dir='ltr'>ipso.</span> 
     </span>
    </p>

    <p class='ocr_par' dir='ltr' id='par_1_6' title="bbox 597 2126 1690 3818">
     <span class='ocr_line' id='line_1_16' title="bbox 644 2126 1639 2213; baseline 0.004 -24"><span class='ocrx_word' id='word_1_128' title='bbox 644 2129 718 2191; x_wconf 78' lang='lat' dir='ltr'>Suo</span> <span class='ocrx_word' id='word_1_129' title='bbox 744 2127 814 2191; x_wconf 85' lang='lat' dir='ltr'>haec</span> <span class='ocrx_word' id='word_1_130' title='bbox 836 2127 1010 2206; x_wconf 89' lang='lat' dir='ltr'>hactenus;</span> <span class='ocrx_word' id='word_1_131' title='bbox 1033 2127 1103 2213; x_wconf 88' lang='lat' dir='ltr'>jam</span> <span class='ocrx_word' id='word_1_132' title='bbox 1125 2126 1242 2203; x_wconf 87' lang='lat' dir='ltr'>dicam,</span> <span class='ocrx_word' id='word_1_133' title='bbox 1262 2139 1370 2191; x_wconf 85' lang='lat' dir='ltr'>extare</span> <span class='ocrx_word' id='word_1_134' title='bbox 1387 2127 1419 2190; x_wconf 91' lang='lat' dir='ltr'>in</span> <span class='ocrx_word' id='word_1_135' title='bbox 1437 2126 1639 2193; x_wconf 79' lang='lat' dir='ltr'>bibliotheca</span> 
     </span>
     <span class='ocr_line' id='line_1_17' title="bbox 598 2211 1637 2279; baseline -0.001 0"><span class='ocrx_word' id='word_1_136' title='bbox 598 2212 773 2279; x_wconf 79' lang='lat' dir='ltr'>Bodleiano</span> <span class='ocrx_word' id='word_1_137' title='bbox 793 2215 875 2278; x_wconf 87' lang='lat' dir='ltr'>inter</span> <span class='ocrx_word' id='word_1_138' title='bbox 893 2214 1009 2277; x_wconf 89' lang='lat' dir='ltr'>MStos</span> <span class='ocrx_word' id='word_1_139' title='bbox 1028 2211 1239 2276; x_wconf 89' lang='lat' dir='ltr'>Baroccianos</span> <span class='ocrx_word' id='word_1_140' title='bbox 1255 2234 1390 2277; x_wconf 86' lang='lat' dir='ltr'>numero</span> <span class='ocrx_word' id='word_1_141' title='bbox 1405 2225 1550 2277; x_wconf 90' lang='lat' dir='ltr'>notatam</span> <span class='ocrx_word' id='word_1_142' title='bbox 1564 2228 1637 2279; x_wconf 88' lang='grc'><strong>232.</strong></span> 
     </span>
     <span class='ocr_line' id='line_1_18' title="bbox 602 2296 1638 2386; baseline 0 -23"><span class='ocrx_word' id='word_1_143' title='bbox 602 2300 752 2363; x_wconf 76' lang='lat' dir='ltr'>Caturam</span> <span class='ocrx_word' id='word_1_144' title='bbox 768 2300 802 2363; x_wconf 82' lang='lat' dir='ltr'>in</span> <span class='ocrx_word' id='word_1_145' title='bbox 813 2297 980 2364; x_wconf 66' lang='lat' dir='ltr'>proverbia</span> <span class='ocrx_word' id='word_1_146' title='bbox 992 2296 1173 2377; x_wconf 84' lang='lat' dir='ltr'>Solomonis,</span> <span class='ocrx_word' id='word_1_147' title='bbox 1187 2297 1296 2384; x_wconf 90' lang='lat' dir='ltr'>inqua</span> <span class='ocrx_word' id='word_1_148' title='bbox 1308 2297 1350 2361; x_wconf 92' lang='lat' dir='ltr'>ad</span> <span class='ocrx_word' id='word_1_149' title='bbox 1363 2298 1420 2363; x_wconf 88' lang='lat' dir='ltr'>fol.</span> <span class='ocrx_word' id='word_1_150' title='bbox 1434 2313 1480 2362; x_wconf 84' lang='lat'>13.</span> <span class='ocrx_word' id='word_1_151' title='bbox 1494 2304 1571 2386; x_wconf 75' lang='grc' dir='ltr'><strong><em>ῥῆσις</em></strong></span> <span class='ocrx_word' id='word_1_152' title='bbox 1585 2321 1638 2363; x_wconf 76' lang='lat' dir='ltr'>sa-</span> 
     </span>
     <span class='ocr_line' id='line_1_19' title="bbox 597 2383 1638 2471; baseline 0.001 -22"><span class='ocrx_word' id='word_1_153' title='bbox 597 2385 641 2449; x_wconf 90' lang='lat' dir='ltr'>tis</span> <span class='ocrx_word' id='word_1_154' title='bbox 660 2385 760 2471; x_wconf 81' lang='lat' dir='ltr'>longa</span> <span class='ocrx_word' id='word_1_155' title='bbox 773 2383 937 2469; x_wconf 79' lang='lat' dir='ltr'>Apollonio</span> <span class='ocrx_word' id='word_1_156' title='bbox 959 2385 1112 2449; x_wconf 88' lang='lat' dir='ltr'>tribuitur</span> <span class='ocrx_word' id='word_1_157' title='bbox 1122 2407 1133 2460; x_wconf 91' lang='lat'>;</span> <span class='ocrx_word' id='word_1_158' title='bbox 1154 2406 1256 2469; x_wconf 90' lang='lat' dir='ltr'>quum</span> <span class='ocrx_word' id='word_1_159' title='bbox 1271 2406 1344 2447; x_wconf 90' lang='lat' dir='ltr'>vero</span> <span class='ocrx_word' id='word_1_160' title='bbox 1366 2384 1399 2447; x_wconf 93' lang='lat' dir='ltr'>in</span> <span class='ocrx_word' id='word_1_161' title='bbox 1417 2384 1480 2447; x_wconf 86' lang='lat' dir='ltr'>alio</span> <span class='ocrx_word' id='word_1_162' title='bbox 1494 2383 1638 2470; x_wconf 89' lang='lat' dir='ltr'>quodam</span> 
     </span>
     <span class='ocr_line' id='line_1_20' title="bbox 599 2469 1639 2559; baseline -0.001 -24"><span class='ocrx_word' id='word_1_163' title='bbox 599 2470 722 2549; x_wconf 85' lang='lat' dir='ltr'>codice,</span> <span class='ocrx_word' id='word_1_164' title='bbox 733 2472 788 2559; x_wconf 92' lang='lat' dir='ltr'>qui</span> <span class='ocrx_word' id='word_1_165' title='bbox 800 2470 942 2535; x_wconf 88' lang='lat' dir='ltr'>continet</span> <span class='ocrx_word' id='word_1_166' title='bbox 956 2471 1105 2535; x_wconf 80' lang='lat' dir='ltr'>Catonum</span> <span class='ocrx_word' id='word_1_167' title='bbox 1117 2469 1150 2532; x_wconf 83' lang='lat' dir='ltr'>in</span> <span class='ocrx_word' id='word_1_168' title='bbox 1161 2469 1327 2534; x_wconf 67' lang='lat' dir='ltr'>Proverbiis</span> <span class='ocrx_word' id='word_1_169' title='bbox 1340 2492 1574 2556; x_wconf 88' lang='lat' dir='ltr'>numerumque</span> <span class='ocrx_word' id='word_1_170' title='bbox 1586 2471 1639 2535; x_wconf 83' lang='lat' dir='ltr'>af·</span> 
     </span>
     <span class='ocr_line' id='line_1_21' title="bbox 598 2554 1639 2642; baseline -0.001 -21"><span class='ocrx_word' id='word_1_171' title='bbox 598 2556 695 2621; x_wconf 86' lang='lat' dir='ltr'>fixum</span> <span class='ocrx_word' id='word_1_172' title='bbox 713 2554 1254 2639; x_wconf 65' lang='grc' dir='ltr'>1120313023.Αροὶίὶηαγὶίηοωεη</span> <span class='ocrx_word' id='word_1_173' title='bbox 1270 2554 1375 2618; x_wconf 89' lang='lat' dir='ltr'>eidem</span> <span class='ocrx_word' id='word_1_174' title='bbox 1393 2556 1466 2642; x_wconf 66' lang='grc' dir='ltr'><strong><em>ῥήσει</em></strong></span> <span class='ocrx_word' id='word_1_175' title='bbox 1488 2557 1639 2641; x_wconf 92' lang='lat' dir='ltr'>proposi·-</span> 
     </span>
     <span class='ocr_line' id='line_1_22' title="bbox 597 2638 1639 2727; baseline 0.001 -21"><span class='ocrx_word' id='word_1_176' title='bbox 597 2655 670 2706; x_wconf 86' lang='lat' dir='ltr'>tum</span> <span class='ocrx_word' id='word_1_177' title='bbox 696 2644 747 2720; x_wconf 92' lang='lat' dir='ltr'>sit,</span> <span class='ocrx_word' id='word_1_178' title='bbox 770 2641 866 2718; x_wconf 81' lang='lat' dir='ltr'>illius,</span> <span class='ocrx_word' id='word_1_179' title='bbox 889 2640 922 2703; x_wconf 89' lang='lat' dir='ltr'>ni</span> <span class='ocrx_word' id='word_1_180' title='bbox 944 2640 1050 2717; x_wconf 87' lang='lat' dir='ltr'>fallor,</span> <span class='ocrx_word' id='word_1_181' title='bbox 1069 2638 1273 2723; x_wconf 88' lang='lat' dir='ltr'>Apollinarii,</span> <span class='ocrx_word' id='word_1_182' title='bbox 1296 2640 1352 2725; x_wconf 92' lang='lat' dir='ltr'>qui</span> <span class='ocrx_word' id='word_1_183' title='bbox 1376 2640 1495 2705; x_wconf 87' lang='lat' dir='ltr'>saeculo</span> <span class='ocrx_word' id='word_1_184' title='bbox 1519 2656 1639 2727; x_wconf 89' lang='lat' dir='ltr'>quarto</span> 
     </span>
     <span class='ocr_line' id='line_1_23' title="bbox 599 2723 1640 2811; baseline 0.002 -22"><span class='ocrx_word' id='word_1_185' title='bbox 599 2725 703 2789; x_wconf 89' lang='lat' dir='ltr'>multa</span> <span class='ocrx_word' id='word_1_186' title='bbox 725 2739 759 2791; x_wconf 93' lang='lat' dir='ltr'>et</span> <span class='ocrx_word' id='word_1_187' title='bbox 779 2726 856 2790; x_wconf 87' lang='lat' dir='ltr'>varii</span> <span class='ocrx_word' id='word_1_188' title='bbox 876 2725 1003 2810; x_wconf 87' lang='lat' dir='ltr'>generis</span> <span class='ocrx_word' id='word_1_189' title='bbox 1026 2723 1162 2809; x_wconf 86' lang='lat' dir='ltr'>scripsit,</span> <span class='ocrx_word' id='word_1_190' title='bbox 1189 2746 1261 2787; x_wconf 84' lang='lat' dir='ltr'>eam</span> <span class='ocrx_word' id='word_1_191' title='bbox 1286 2726 1543 2811; x_wconf 85' lang='lat' dir='ltr'>praetereundam</span> <span class='ocrx_word' id='word_1_192' title='bbox 1567 2749 1640 2798; x_wconf 85' lang='lat' dir='ltr'>esse</span> 
     </span>
     <span class='ocr_line' id='line_1_24' title="bbox 598 2808 1639 2879; baseline 0.002 -2"><span class='ocrx_word' id='word_1_193' title='bbox 598 2814 718 2877; x_wconf 79' lang='lat' dir='ltr'>censui.</span> <span class='ocrx_word' id='word_1_194' title='bbox 764 2814 862 2876; x_wconf 90' lang='lat' dir='ltr'>Porro</span> <span class='ocrx_word' id='word_1_195' title='bbox 888 2811 1005 2876; x_wconf 70' lang='lat' dir='ltr'>Caleno</span> <span class='ocrx_word' id='word_1_196' title='bbox 1027 2810 1059 2875; x_wconf 81' lang='lat' dir='ltr'>r&#39;n</span> <span class='ocrx_word' id='word_1_197' title='bbox 1080 2808 1248 2874; x_wconf 80' lang='lat' dir='ltr'>Proverbia</span> <span class='ocrx_word' id='word_1_198' title='bbox 1269 2833 1289 2874; x_wconf 89' lang='lat' dir='ltr'>a</span> <span class='ocrx_word' id='word_1_199' title='bbox 1306 2811 1480 2877; x_wconf 89' lang='lat' dir='ltr'>Theodoro</span> <span class='ocrx_word' id='word_1_200' title='bbox 1503 2813 1639 2879; x_wconf 90' lang='lat' dir='ltr'>Peltano</span> 
     </span>
     <span class='ocr_line' id='line_1_25' title="bbox 597 2895 1690 2984; baseline 0.002 -22"><span class='ocrx_word' id='word_1_201' title='bbox 597 2898 713 2963; x_wconf 86' lang='lat' dir='ltr'>Latine</span> <span class='ocrx_word' id='word_1_202' title='bbox 728 2898 814 2962; x_wconf 89' lang='lat' dir='ltr'>edita</span> <span class='ocrx_word' id='word_1_203' title='bbox 826 2897 1029 2983; x_wconf 85' lang='lat' dir='ltr'>Apollinarii,</span> <span class='ocrx_word' id='word_1_204' title='bbox 1041 2918 1105 2960; x_wconf 92' lang='lat' dir='ltr'>non</span> <span class='ocrx_word' id='word_1_205' title='bbox 1116 2895 1295 2981; x_wconf 87' lang='lat' dir='ltr'>Apollonii,</span> <span class='ocrx_word' id='word_1_206' title='bbox 1307 2919 1424 2961; x_wconf 91' lang='lat' dir='ltr'>nornen</span> <span class='ocrx_word' id='word_1_207' title='bbox 1435 2898 1481 2963; x_wconf 89' lang='lat' dir='ltr'>ibi</span> <span class='ocrx_word' id='word_1_208' title='bbox 1494 2913 1638 2984; x_wconf 81' lang='lat' dir='ltr'>praestat,</span> <span class='ocrx_word' id='word_1_209' title='bbox 1686 2944 1690 2957; x_wconf 84' lang='lat'>·</span> 
     </span>
     <span class='ocr_line' id='line_1_26' title="bbox 598 2981 1638 3071; baseline 0.002 -23"><span class='ocrx_word' id='word_1_210' title='bbox 598 2985 631 3048; x_wconf 89' lang='lat' dir='ltr'>in</span> <span class='ocrx_word' id='word_1_211' title='bbox 648 3006 712 3070; x_wconf 90' lang='lat' dir='ltr'>qua</span> <span class='ocrx_word' id='word_1_212' title='bbox 731 2983 860 3071; x_wconf 89' lang='lat' dir='ltr'>quidem</span> <span class='ocrx_word' id='word_1_213' title='bbox 882 2982 1005 3047; x_wconf 87' lang='lat' dir='ltr'>Catena</span> <span class='ocrx_word' id='word_1_214' title='bbox 1027 2981 1131 3046; x_wconf 90' lang='lat' dir='ltr'>multo</span> <span class='ocrx_word' id='word_1_215' title='bbox 1153 2982 1276 3046; x_wconf 89' lang='lat' dir='ltr'>brevior</span> <span class='ocrx_word' id='word_1_216' title='bbox 1296 2997 1345 3048; x_wconf 90' lang='lat' dir='ltr'>est</span> <span class='ocrx_word' id='word_1_217' title='bbox 1366 2984 1476 3062; x_wconf 77' lang='lat' dir='ltr'>locus,</span> <span class='ocrx_word' id='word_1_218' title='bbox 1496 2984 1638 3051; x_wconf 91' lang='lat' dir='ltr'>eundem</span> 
     </span>
     <span class='ocr_line' id='line_1_27' title="bbox 599 3066 1638 3156; baseline 0.005 -25"><span class='ocrx_word' id='word_1_219' title='bbox 599 3090 685 3146; x_wconf 89' lang='lat' dir='ltr'>vero,</span> <span class='ocrx_word' id='word_1_220' title='bbox 712 3070 952 3154; x_wconf 89' lang='lat' dir='ltr'>auctioremque</span> <span class='ocrx_word' id='word_1_221' title='bbox 976 3082 1073 3153; x_wconf 88' lang='lat' dir='ltr'>quarn</span> <span class='ocrx_word' id='word_1_222' title='bbox 1096 3067 1129 3129; x_wconf 89' lang='lat' dir='ltr'>in</span> <span class='ocrx_word' id='word_1_223' title='bbox 1152 3066 1222 3132; x_wconf 89' lang='lat' dir='ltr'>aliis</span> <span class='ocrx_word' id='word_1_224' title='bbox 1242 3068 1343 3148; x_wconf 90' lang='lat' dir='ltr'>libris,</span> <span class='ocrx_word' id='word_1_225' title='bbox 1366 3068 1468 3134; x_wconf 88' lang='lat' dir='ltr'>codex</span> <span class='ocrx_word' id='word_1_226' title='bbox 1489 3069 1638 3156; x_wconf 89' lang='lat' dir='ltr'>ejusdem</span> 
     </span>
     <span class='ocr_line' id='line_1_28' title="bbox 598 3152 1638 3234; baseline 0.003 -16"><span class='ocrx_word' id='word_1_227' title='bbox 598 3155 804 3220; x_wconf 80' lang='lat' dir='ltr'>bibliothecae</span> <span class='ocrx_word' id='word_1_228' title='bbox 830 3155 925 3219; x_wconf 91' lang='lat' dir='ltr'>Bodl.</span> <span class='ocrx_word' id='word_1_229' title='bbox 949 3152 1181 3217; x_wconf 87' lang='lat' dir='ltr'>vetustissimus</span> <span class='ocrx_word' id='word_1_230' title='bbox 1206 3153 1314 3233; x_wconf 90' lang='lat' dir='ltr'>habet,</span> <span class='ocrx_word' id='word_1_231' title='bbox 1337 3177 1472 3219; x_wconf 88' lang='lat' dir='ltr'>numero</span> <span class='ocrx_word' id='word_1_232' title='bbox 1497 3170 1563 3234; x_wconf 83' lang='lat'>195.</span> <span class='ocrx_word' id='word_1_233' title='bbox 1585 3157 1638 3221; x_wconf 91' lang='lat' dir='ltr'>in-</span> 
     </span>
     <span class='ocr_line' id='line_1_29' title="bbox 598 3239 1639 3327; baseline 0.003 -23"><span class='ocrx_word' id='word_1_234' title='bbox 598 3241 748 3327; x_wconf 86' lang='lat' dir='ltr'>signitus,</span> <span class='ocrx_word' id='word_1_235' title='bbox 770 3240 859 3304; x_wconf 89' lang='lat' dir='ltr'>nulla</span> <span class='ocrx_word' id='word_1_236' title='bbox 880 3253 986 3304; x_wconf 90' lang='lat' dir='ltr'>autem</span> <span class='ocrx_word' id='word_1_237' title='bbox 1010 3239 1141 3302; x_wconf 86' lang='lat' dir='ltr'>nomina</span> <span class='ocrx_word' id='word_1_238' title='bbox 1160 3241 1329 3325; x_wconf 84' lang='lat' dir='ltr'>praeferens</span> <span class='ocrx_word' id='word_1_239' title='bbox 1348 3240 1490 3319; x_wconf 87' lang='lat' dir='ltr'>illorum,</span> <span class='ocrx_word' id='word_1_240' title='bbox 1504 3242 1560 3326; x_wconf 91' lang='lat' dir='ltr'>qui</span> <span class='ocrx_word' id='word_1_241' title='bbox 1580 3243 1639 3308; x_wconf 87' lang='lat' dir='ltr'>ad-</span> 
     </span>
     <span class='ocr_line' id='line_1_30' title="bbox 598 3326 1638 3410; baseline 0.003 -20"><span class='ocrx_word' id='word_1_242' title='bbox 598 3326 770 3407; x_wconf 87' lang='lat' dir='ltr'>ducuntur,</span> <span class='ocrx_word' id='word_1_243' title='bbox 795 3339 975 3392; x_wconf 85' lang='lat' dir='ltr'>auctorum.</span> <span class='ocrx_word' id='word_1_244' title='bbox 1020 3327 1097 3389; x_wconf 92' lang='lat' dir='ltr'>Hoc</span> <span class='ocrx_word' id='word_1_245' title='bbox 1122 3347 1187 3410; x_wconf 91' lang='lat' dir='ltr'>quo</span> <span class='ocrx_word' id='word_1_246' title='bbox 1211 3347 1252 3390; x_wconf 89' lang='lat' dir='ltr'>ue</span> <span class='ocrx_word' id='word_1_247' title='bbox 1279 3326 1356 3391; x_wconf 88' lang='lat' dir='ltr'>duxi</span> <span class='ocrx_word' id='word_1_248' title='bbox 1378 3326 1638 3410; x_wconf 86' lang='lat' dir='ltr'>memorandum,</span> 
     </span>
     <span class='ocr_line' id='line_1_31' title="bbox 598 3349 1638 3497; baseline 0.005 -21"><span class='ocrx_word' id='word_1_249' title='bbox 598 3412 679 3477; x_wconf 89' lang='lat' dir='ltr'>duas</span> <span class='ocrx_word' id='word_1_250' title='bbox 702 3428 809 3478; x_wconf 88' lang='lat' dir='ltr'>extare</span> <span class='ocrx_word' id='word_1_251' title='bbox 831 3414 1001 3478; x_wconf 86' lang='lat' dir='ltr'>sententias</span> <span class='ocrx_word' id='word_1_252' title='bbox 1016 3414 1115 3489; x_wconf 73' lang='grc' dir='ltr'>ἠθικὰς</span> <span class='ocrx_word' id='word_1_253' title='bbox 1128 3349 1290 3495; x_wconf 56' lang='lat' dir='ltr'>Apdbonn·</span> <span class='ocrx_word' id='word_1_254' title='bbox 1313 3411 1481 3497; x_wconf 87' lang='lat' dir='ltr'>cujusdam</span> <span class='ocrx_word' id='word_1_255' title='bbox 1500 3414 1533 3476; x_wconf 91' lang='lat' dir='ltr'>in</span> <span class='ocrx_word' id='word_1_256' title='bbox 1550 3412 1638 3482; x_wconf 91' lang='lat' dir='ltr'>Cod.</span> 
     </span>
     <span class='ocr_line' id='line_1_32' title="bbox 598 3495 1638 3581; baseline 0.002 -20"><span class='ocrx_word' id='word_1_257' title='bbox 598 3498 732 3581; x_wconf 82' lang='lat' dir='ltr'>Barocc.</span> <span class='ocrx_word' id='word_1_258' title='bbox 751 3511 816 3562; x_wconf 82' lang='grc'><strong>143.</strong></span> <span class='ocrx_word' id='word_1_259' title='bbox 830 3499 887 3563; x_wconf 86' lang='lat' dir='ltr'>fol.</span> <span class='ocrx_word' id='word_1_260' title='bbox 903 3505 971 3576; x_wconf 85' lang='lat'>169,</span> <span class='ocrx_word' id='word_1_261' title='bbox 982 3512 1052 3560; x_wconf 86' lang='grc'><strong>210.</strong></span> <span class='ocrx_word' id='word_1_262' title='bbox 1068 3495 1153 3559; x_wconf 89' lang='lat' dir='ltr'>sicut</span> <span class='ocrx_word' id='word_1_263' title='bbox 1168 3496 1337 3560; x_wconf 86' lang='lat' dir='ltr'>nonnullas</span> <span class='ocrx_word' id='word_1_264' title='bbox 1358 3498 1389 3561; x_wconf 93' lang='lat' dir='ltr'>in</span> <span class='ocrx_word' id='word_1_265' title='bbox 1410 3498 1544 3562; x_wconf 89' lang='lat' dir='ltr'>Antonii</span> <span class='ocrx_word' id='word_1_266' title='bbox 1559 3500 1638 3564; x_wconf 86' lang='lat' dir='ltr'>Me-</span> 
     </span>
     <span class='ocr_line' id='line_1_33' title="bbox 600 3580 1637 3669; baseline 0.008 -25"><span class='ocrx_word' id='word_1_267' title='bbox 600 3581 675 3646; x_wconf 79' lang='lat' dir='ltr'>lissa</span> <span class='ocrx_word' id='word_1_268' title='bbox 690 3582 892 3669; x_wconf 88' lang='lat' dir='ltr'>Maximique</span> <span class='ocrx_word' id='word_1_269' title='bbox 908 3580 1101 3647; x_wconf 72' lang='lat' dir='ltr'>sermonibus</span> <span class='ocrx_word' id='word_1_270' title='bbox 1115 3591 1149 3643; x_wconf 92' lang='lat' dir='ltr'>et</span> <span class='ocrx_word' id='word_1_271' title='bbox 1162 3580 1195 3644; x_wconf 92' lang='lat' dir='ltr'>in</span> <span class='ocrx_word' id='word_1_272' title='bbox 1210 3581 1332 3646; x_wconf 91' lang='lat' dir='ltr'>Codice</span> <span class='ocrx_word' id='word_1_273' title='bbox 1346 3583 1442 3648; x_wconf 91' lang='lat' dir='ltr'>Bodl.</span> <span class='ocrx_word' id='word_1_274' title='bbox 1460 3590 1547 3660; x_wconf 83' lang='lat'><strong>1607.</strong></span> <span class='ocrx_word' id='word_1_275' title='bbox 1583 3609 1637 3652; x_wconf 81' lang='lat' dir='ltr'>uae</span> 
     </span>
     <span class='ocr_line' id='line_1_34' title="bbox 599 3608 1644 3756; baseline 0.008 -26"><span class='ocrx_word' id='word_1_276' title='bbox 599 3667 719 3733; x_wconf 88' lang='lat' dir='ltr'>interea</span> <span class='ocrx_word' id='word_1_277' title='bbox 740 3668 781 3734; x_wconf 92' lang='lat' dir='ltr'>ad</span> <span class='ocrx_word' id='word_1_278' title='bbox 803 3669 990 3754; x_wconf 87' lang='lat' dir='ltr'>scriptorem</span> <span class='ocrx_word' id='word_1_279' title='bbox 1012 3688 1077 3732; x_wconf 84' lang='lat' dir='ltr'>non</span> <span class='ocrx_word' id='word_1_280' title='bbox 1101 3664 1321 3755; x_wconf 85' lang='lat' dir='ltr'>Christianum</span> <span class='ocrx_word' id='word_1_281' title='bbox 1344 3670 1502 3756; x_wconf 86' lang='lat' dir='ltr'>pertinere</span> <span class='ocrx_word' id='word_1_282' title='bbox 1527 3608 1644 3738; x_wconf 52' lang='lat' dir='ltr'>videns</span> 
     </span>
     <span class='ocr_line' id='line_1_35' title="bbox 599 3767 1627 3818; baseline -0.002 0"><span class='ocrx_word' id='word_1_283' title='bbox 599 3767 662 3818; x_wconf 91' lang='lat' dir='ltr'>tur.</span> <span class='ocrx_word' id='word_1_284' title='bbox 1624 3790 1627 3795; x_wconf 95' lang='lat'>·</span> 
     </span>
    </p>
   </div>
   <div class='ocr_carea' id='block_1_3' title="bbox 0 0 2051 5675">
    <p class='ocr_par' dir='ltr' id='par_1_7' title="bbox 0 0 2051 5675">
     <span class='ocr_line' id='line_1_36' title="bbox 0 0 2051 5675; baseline 0 0"><span class='ocrx_word' id='word_1_285' title='bbox 0 0 2051 5675; x_wconf 95' lang='lat' dir='ltr'> </span> 
     </span>
    </p>
   </div>
  </div>
 </body>
</html>
