4092 5675
732 769 785 837 m
805 767 1028 836 araretur
1053 767 1308 836 cunamen.
1476 787 1537 856 271

546 942 581 1008 P.
598 954 665 1010 143.
679 941 703 1007 l.
721 958 767 1006 11.
788 944 879 1024 Ὁμοῦ
905 939 949 1018 ἔτη
975 940 1069 1027 σέγ’.]
1098 939 1207 1029 Hujus
1231 939 1399 1029 Dynastiae
1424 964 1539 1029 regum

500 1029 649 1094 omnium
664 1028 740 1093 anni
754 1043 828 1094 sunt
838 1034 908 1104 262,
920 1027 1051 1091 excluso
1066 1040 1212 1114 tempore
1224 1029 1308 1114 regis
1322 1028 1416 1114 primi
1432 1030 1538 1093 Amo·

499 1115 557 1196 sis,
573 1115 627 1180 cui
642 1113 812 1192 Eusebius,
827 1129 865 1180 ut
880 1111 958 1191 dixi,
974 1134 1075 1177 annos
1097 1128 1146 1176 25.
1167 1112 1325 1193 attribuit,
1340 1114 1470 1202 perinde
1489 1130 1539 1179 at·

499 1222 567 1288 que
581 1200 669 1288 apud
683 1200 863 1286 Josephum
878 1199 1031 1263 Manetlzo
1046 1199 1163 1264 additis
1178 1213 1316 1287 quatuor
1330 1201 1506 1265 mensibus.

562 1482 566 1488 Ι
843 1402 1082 1468 DYNASTIA
1111 1404 1206 1469 XIX.

546 1539 632 1605 lbid.
646 1540 732 1604 1.2ο.
755 1538 853 1615 Eleae
868 1539 912 1618 ἔτη
928 1537 993 1625 να’.]
1009 1537 1054 1603 re'.
1072 1540 1191 1603 Euseb.
1208 1552 1240 1604 et
1257 1538 1368 1603 caron.
1383 1541 1449 1624 ejas
1463 1541 1538 1606 Lat.

499 1627 603 1713 vulgo
618 1624 746 1703 Zethus,
761 1625 816 1689 sed
831 1626 908 1690 edit.
927 1625 1011 1689 Scal.
1026 1638 1059 1689 et
1073 1626 1150 1689 MS.
1169 1624 1247 1690 Call.
1263 1627 1401 1690 Merton.
1418 1626 1539 1690 Setius.

499 1711 643 1791 Σέθωσις,
667 1711 756 1799 quod
780 1712 867 1776 idem
890 1733 1008 1776 nomen
1033 1724 1093 1792 est,
1120 1712 1259 1798 appellat
1281 1711 1366 1776 hunc
1389 1713 1539 1776 Manetlto

499 1798 588 1886 apud
605 1798 783 1882 Josephum,
799 1799 856 1862 sed
874 1797 965 1883 regni
980 1811 1065 1861 tacet
1082 1820 1194 1862 annos.
1240 1797 1325 1862 Cum
1347 1798 1410 1861 hoc
1430 1812 1539 1863 autem

498 1905 580 2033 repe
594 1883 712 1948 desinit
725 1884 934 1948 Manethonis
949 1883 1166 1989 fragmentum
1181 1884 1405 1971 Josepbinuur.

563 1970 630 2033 bid.
646 1969 669 2033 l.
681 1984 730 2033 21.
751 1971 896 2047 Ῥαψάκης
911 1969 955 2047 ἔτη
971 1972 1008 2047 ἔα
1019 1971 1041 2054 .]
1057 1969 1185 2033 Eusehii
1200 1972 1288 2056 Dyn.
1302 1971 1408 2047 Ῥᾶψης
1426 1969 1470 2048 ἔτη
1484 1968 1539 2047 ξς’.

499 2055 578 2121 Sed.
595 2053 708 2119 Cdrm.
724 2056 789 2140 ejas
805 2055 954 2119 Latinam
968 2056 1095 2119 Ramses
1107 2056 1193 2120 bunc
1207 2078 1317 2142 regem
1333 2072 1436 2119 vocat.

544 2140 630 2205 lbid.
644 2140 668 2204 l.
684 2154 734 2203 22.
756 2140 962 2225 Ἀμμενέφθης]
981 2140 1067 2203 Cum
1087 2142 1223 2227 simplici
1243 2170 1268 2224 μ
1287 2142 1363 2205 MS.
1379 2141 1461 2205 alter
1476 2145 1540 2206 Pa·

499 2228 556 2291 ris.
572 2225 705 2290 Easehii
719 2227 807 2314 Dyn.
831 2250 870 2291 ea
891 2227 938 2290 ed.
959 2225 1045 2290 Scal.
1059 2226 1243 2309 Ἀμένωφὸις.
1281 2228 1317 2291 ln
1336 2227 1446 2291 Cimon.
1463 2230 1538 2291 Lat.

499 2314 548 2378 ita
561 2313 718 2378 variatum
733 2325 793 2392 est,
803 2310 1022 2397 Ammoplttes,
1033 2312 1237 2397 Amenoplrm,
1249 2313 1447 2398 Amenoplris,
1459 2315 1540 2377 Am-

499 2398 638 2484 nenopis.
675 2399 736 2462 Pro
750 2397 794 2476 ἔτη
810 2398 847 2461 κ’.
865 2397 978 2461 Ensel.
994 2397 1093 2461 habet
1106 2398 1150 2475 ἔτη
1164 2398 1207 2481 μ’.

545 2484 632 2549 lbid.
649 2482 671 2546 l.
686 2498 735 2547 23.
755 2487 892 2565 ‘Peperit
907 2483 951 2560 ἔτη
966 2482 1017 2568 ff]
1036 2484 1164 2548 Eusebii
1179 2486 1267 2571 Dyn.
1282 2484 1402 2548 omisit.

545 2570 631 2635 lbid.
653 2568 676 2632 l.
690 2582 739 2634 24.
759 2572 948 2652 'depereatis
971 2569 1016 2647 ἔτη
1039 2569 1085 2653 εἴ]
1109 2572 1241 2635 Nomen
1263 2570 1374 2634 scribit
1396 2568 1541 2656 Scaliger

498 2658 689 2738 ’Ammine
727 2655 841 2719 Euseb.
859 2656 956 2719 habet
968 2657 1165 2738 Ἀμμενεμμῆς
1182 2656 1226 2734 ἔτη
1243 2656 1297 2729 κς’.

546 2741 630 2805 lbid.
648 2741 671 2804 l.
686 2755 736 2804 25.
760 2743 896 2828 &anagia
919 2746 932 2803 ὁ
953 2745 1026 2826 παρ’
1049 2742 1163 2829 Ὁμήρῳ
1183 2742 1259 2825 &c.]
1283 2744 1367 2807 Haec
1390 2742 1486 2806 verba
1508 2740 1540 2805 ln

500 2826 681 2892 Eusebium
697 2828 813 2913 pariter
826 2842 923 2914 atque
937 2825 1085 2915 Africani
1100 2828 1260 2917 Dynastia
1278 2828 1359 2893 adeo
1375 2829 1490 2916 partita
1507 2844 1541 2893 et

497 2915 610 2981 luxata
634 2929 721 2992 sunt,
744 2926 782 2977 ut
803 2913 869 2977 duo
892 2935 985 3001 reges
1006 2914 1147 2979 Thuoris
1168 2928 1202 2980 et
1224 2916 1393 3003 Ἀλκάνδςος
1414 2937 1453 2978 ex
1475 2937 1541 2979 uno

497 2999 638 3076 Thuori,
658 2999 714 3084 qui
738 2999 912 3086 Ἀλκάνὸρας
933 2999 1068 3064 maritus
1090 3000 1164 3079 fuit,
1185 3001 1396 3080 efficerentur,
1420 3002 1542 3087 quippe

499 3106 577 3149 cum
593 3106 654 3148 vox
667 3089 732 3170 ἀνὴρ
747 3099 822 3170 post
832 3085 1007 3172 Ἀλκάνδςας
1022 3086 1107 3149 male
1119 3101 1204 3150 esset
1218 3087 1347 3150 omissa.
1393 3085 1542 3151 Correxit

499 3192 540 3235 ea
557 3170 608 3234 vel
625 3191 664 3232 ex
687 3169 826 3256 Syncelli
845 3170 1078 3256 Cdronograplt.
1093 3170 1133 3234 ad
1148 3191 1224 3256 pag.
1240 3177 1305 3248 169.
1321 3171 1367 3234 vel
1384 3193 1423 3233 ex
1439 3174 1542 3235 Euse·
1650 3198 1652 3203 ·

499 3255 547 3321 bii
564 3254 714 3319 Gdronieo
735 3254 850 3319 Latino
874 3255 1029 3341 Scaliger,
1054 3255 1111 3319 ubi
1135 3255 1176 3319 ad
1197 3278 1248 3320 an.
1266 3277 1454 3320 cccxxxv.
1472 3256 1541 3319 haec

499 3356 633 3407 extant:
657 3339 786 3405 Thuoris
800 3364 856 3405 rex
869 3340 1009 3429 AEgypti
1031 3339 1070 3403 ab
1095 3340 1228 3404 Homero
1249 3339 1382 3428 Polybus
1406 3352 1541 3419 uocatur,

498 3427 637 3491 maritas
650 3424 832 3505 Alcaedroe,
848 3429 935 3511 majas
957 3424 1098 3490 meminit
1118 3425 1151 3490 in
1178 3426 1314 3514 Odyssea
1338 3424 1383 3506 (d.
1404 3450 1433 3487 v.
1456 3432 1538 3506 126.)

499 3513 616 3591 diceas,
637 3525 707 3596 post
728 3514 832 3598 Trojae
850 3511 1065 3597 captivitatem
1081 3511 1262 3575 Menelaum
1279 3522 1308 3575 et
1326 3510 1480 3574 Helenam
1501 3512 1544 3575 ad

499 3621 573 3664 eum
603 3597 773 3678 divertisse,
799 3608 969 3684 repetentes
997 3597 1157 3662 Graeciam
1183 3608 1254 3684 post
1281 3595 1396 3661 delium
1427 3598 1541 3680 Troiae.

499 3687 603 3751 Nunc
614 3684 733 3749 certior
746 3685 849 3749 factus
865 3706 937 3748 sum
951 3698 1060 3748 extare
1074 3685 1107 3747 in
1120 3695 1251 3770 atroque
1263 3682 1430 3747 Parisiensi
1445 3683 1489 3745 M
1489 3683 1542 3747 Sto

498 3770 673 3858 Ἀλκᾶνὸςος
698 3771 894 3855 (Ἀλκάνδρας)
919 3770 996 3869 daig.
1042 3768 1207 3834 Caeteruln
1230 3792 1289 3854 pro
1313 3769 1357 3845 ἔτη
1381 3769 1418 3850 ζ’.
1441 3768 1543 3832 edidit

501 3857 589 3921 Scali
614 3878 649 3920 er
668 3855 712 3934 ἔτη
735 3856 771 3928 ς’.
795 3878 852 3942 per
873 3855 1129 3940 incogitantiam,
1153 3855 1280 3940 opinor,
1302 3877 1341 3918 eo
1362 3855 1451 3940 quod
1472 3854 1543 3917 voci

500 3879 650 4015 Πολόξους
674 3964 824 4005 numerus
847 3939 883 4013 ς’.
909 3941 1039 4005 additus
1064 3955 1148 4004 esset
1173 3941 1205 4003 in
1229 3941 1372 4003 Africani
1396 3941 1544 4004 Euscbii-
1596 3932 1646 3999 4·

500 4050 569 4117 que
584 4027 752 4114 Dynastiis
769 4026 855 4112 apud
870 4025 993 4089 editum
1013 4026 1202 4114 Syncellunr
1221 4025 1272 4089 hic
1293 4028 1463 4110 coemptis,
1479 4048 1542 4089 non

501 4115 582 4179 item
596 4114 629 4176 in
645 4113 765 4199 scripto
782 4112 944 4200 Syncello
988 4114 1112 4176 Verum
1128 4112 1221 4175 aliter
1236 4111 1303 4196 ipse
1319 4133 1449 4197 quoque
1465 4114 1543 4175 Sca-

501 4200 587 4285 liger
602 4199 635 4262 in
651 4198 835 4262 Eusebianis
857 4197 935 4274 suis,
951 4210 987 4261 ut
1005 4197 1078 4283 plus
1100 4197 1199 4260 semel
1215 4198 1343 4260 Goarus
1358 4197 1543 4265 inconstan-

502 4284 563 4350 riae'
574 4284 707 4349 crimine
721 4307 795 4348 eum
812 4283 1017 4348 arcesslverit.
1198 4354 1204 4367 ³

550 4372 583 4434 P.
599 4383 666 4434 144.
681 4369 703 4433 l.
717 4388 746 4432 2.
769 4374 897 4450 βασιλεῖς
915 4369 984 4452 552]
1004 4369 1074 4430 imo
1086 4367 1245 4431 conversis
1261 4369 1479 4433 numeralibus
1494 4389 1544 4430 re-

500 4476 564 4543 ges
579 4455 638 4534 rf'.
655 4470 724 4533 290.
742 4457 774 4519 in
789 4454 1052 4519 antecedentibus
1067 4453 1260 4518 referuntur.

549 4540 634 4604 Ibid.
649 4540 671 4603 l.
686 4556 717 4605 3.
740 4541 784 4619 ἔτη
807 4539 926 4628 agrafi]
943 4541 990 4603 At
1004 4540 1040 4602 fit
1053 4561 1181 4602 summa
1200 4561 1240 4605 ex
1259 4541 1399 4604 numeris
1415 4553 1544 4604 antece·

500 4625 657 4695 dentibus
670 4633 760 4691 2216.
775 4629 896 4712 absque
911 4627 1043 4691 Arrrosis
1057 4627 1143 4711 regis
1157 4626 1247 4690 annis
1262 4641 1310 4690 25.
