4092 5675
511 789 571 853 206
844 781 1201 852 ANNOTATIONES

508 975 637 1042 quoque
652 954 807 1040 Origenes
825 952 911 1019 haud
929 954 1013 1020 male
1034 955 1144 1021 statuit
1162 957 1194 1021 in
1213 957 1270 1022 lib.
1284 978 1316 1021 x.
1334 956 1538 1042 stromatum,

506 1055 604 1128 prout
617 1041 657 1105 ab
673 1040 874 1127 Hieronymo
892 1040 1058 1105 Commeat.
1075 1042 1107 1105 in
1118 1043 1203 1107 Dan.
1218 1065 1288 1130 cap.
1297 1042 1361 1111 xiii.
1377 1044 1536 1112 adductus

507 1140 574 1203 est3
597 1126 656 1190 nisi
678 1126 704 1189 si
725 1124 794 1189 haec
816 1126 919 1210 magis
941 1127 982 1190 ab
1005 1128 1207 1216 Hieronymo
1226 1129 1295 1214 ipso
1315 1128 1425 1195 addita
1438 1131 1535 1197 fuisse

507 1210 678 1275 existimari
693 1210 851 1275 debeant:
881 1210 964 1296 Quia
978 1211 1107 1276 Helroei
1120 1213 1282 1298 reprobant
1298 1212 1460 1279 historiam
1476 1216 1535 1281 Su·

506 1296 770 1375 sannoe,'dicentes
784 1318 851 1360 eam
866 1296 898 1360 in
914 1296 1058 1362 Danielis
1078 1298 1230 1362 uolumine
1244 1322 1303 1363 non
1319 1299 1435 1377 lsaleri,
1450 1300 1536 1366 dele·

506 1403 575 1445 mus
590 1382 742 1468 inquirere
755 1381 879 1445 nomina
892 1382 972 1468 χὶνου
987 1384 1034 1453 καὶ
1048 1384 1147 1471 argivos
1161 1406 1234 1470 quae
1242 1384 1356 1448 Latini
1370 1385 1492 1465 ilicem,
1504 1399 1537 1452 et

505 1465 687 1546 lentiscum,
702 1468 955 1551 interpretantur,
970 1468 996 1531 si
1017 1468 1080 1532 sint
1103 1471 1187 1568 apud
1207 1469 1367 1546 Helrceos,
1390 1482 1421 1533 et
1443 1491 1536 1558 quam

507 1551 639 1616 iolcum
658 1551 885 1650 etymologiam,
900 1564 935 1617 ut
955 1576 974 1616 a
995 1553 1067 1638 giro
1088 1555 1210 1633 scissio,
1224 1565 1260 1619 et'
1273 1578 1294 1620 a
1310 1555 1403 1642 aspira
1424 1555 1536 1638 sectio,

506 1637 569 1702 sive
582 1649 710 1702 serratio
723 1636 845 1702 dicatur
859 1637 968 1725 lingua
983 1661 1096 1703 eoram.
1143 1638 1272 1726 Quodsi
1285 1640 1468 1737 nortfuerit
1486 1638 1534 1706 ia·

407 1756 414 1762 ··
505 1734 640 1803 ventum,
654 1722 831 1787 necessitate
853 1746 993 1810 cogemur
1014 1735 1045 1787 et
1064 1748 1118 1789 nos
1138 1748 1242 1789 eorum
1260 1747 1450 1811 acquiescere
1469 1749 1537 1792 sen·

442 1867 450 1876 .
507 1809 625 1884 tentiae,
641 1808 696 1894 qui
713 1809 819 1873 Graeci
835 1820 956 1873 tantum
970 1809 1116 1873 sermonis
1130 1809 1208 1875 lonc
1221 1809 1328 1875 volant
1341 1832 1405 1878 esse
1417 1837 1460 1874 oro
1478 1811 1534 1876 lxo-

504 1918 567 1972 πην,
584 1916 657 1980 qnoe
675 1893 819 1958 Graecam
838 1894 946 1958 loleat
968 1891 1090 1959 tantum
1110 1894 1338 1983 etymologiam,
1352 1906 1383 1959 et
1399 1837 1535 1962 Heiroi-

506 2000 573 2041 cam
586 2002 646 2043 non
659 1978 780 2043 laleat.
826 1980 915 2066 Quod
934 1979 961 2043 si
983 1981 1053 2066 quis
1067 1979 1242 2058 ostenderit,
1256 1981 1390 2045 duarum
1404 1980 1534 2047 istarum

506 2064 649 2128 arlorum
674 2064 825 2129 scissionis
850 2076 879 2129 et
902 2064 1043 2129 sectionis
1068 2066 1101 2130 in
1124 2065 1259 2130 Helraeo
1280 2074 1364 2129 stare
1386 2066 1533 2154 etymolo-

503 2148 609 2249 giam:
627 2160 699 2214 tunc
708 2152 877 2235 poterimus
889 2150 983 2215 etiam
997 2150 1075 2215 lonc
1088 2151 1273 2236 scripturam
1286 2150 1428 2235 recipere.
1453 2153 1535 2218 Haec

503 2235 569 2300 olle.
606 2238 648 2300 Et
669 2236 834 2321 profitetur
856 2237 983 2323 quidem
1006 2237 1074 2322 ipse
1093 2237 1250 2323 Origenes
1263 2235 1302 2305 in
1320 2235 1473 2322 Responsa
1495 2237 1536 2304 od

504 2321 692 2408 Africanam
714 2322 754 2385 ad
775 2324 804 2406 ξ.
819 2329 848 2386 6.
871 2322 932 2386 sibi
954 2322 1139 2408 religionem
1161 2344 1231 2387 esse
1252 2342 1403 2402 asserere,
1424 2335 1533 2390 utrum

504 2406 590 2493 apud
603 2407 760 2471 Hebraeos
779 2429 908 2494 quoque
925 2408 1037 2472 eadem
1059 2408 1279 2507 agnominatio
1294 2419 1445 2488 servetur,
1459 2430 1535 2474 nec·

504 2514 555 2557 ne.
600 2491 663 2556 Sed
683 2506 794 2577 postea
809 2493 849 2556 ad
865 2493 895 2575 ξ.
913 2509 958 2557 12.
980 2492 1025 2556 nil
1048 2515 1163 2558 mrrum
1181 2515 1250 2557 esse
1263 2493 1318 2571 ait,
1334 2491 1367 2557 id
1382 2515 1469 2557 curae
1483 2493 1535 2559 fu·

502 2579 565 2644 isse
586 2576 685 2642 libelli
705 2577 929 2663 interpretibus
944 2578 1079 2657 Graecis,
1094 2591 1131 2642 ut
1150 2578 1324 2643 invenirent
1342 2599 1535 2664 paronoma-

502 2664 582 2728 siam
598 2663 638 2725 ali
663 2683 748 2743 uam,
763 2676 818 2726 aut
833 2684 1007 2727 consonam
1022 2663 1177 2743 Hebraeo,
1191 2677 1248 2728 aut
1265 2685 1337 2749 quae
1358 2685 1434 2728 cum
1457 2685 1535 2730 con·

501 2770 583 2813 sono
598 2686 740 2811 Hibraeo
755 2747 936 2834 analogiam
951 2760 1086 2812 servaret
1093 2773 1103 2827 ;
1119 2748 1182 2813 hoc
1196 2763 1255 2828 est,
1269 2762 1368 2834 prout
1382 2748 1534 2839 deinceps

502 2832 622 2912 scribit,
635 2831 858 2918 interpretibus
872 2832 920 2896 vel
933 2832 1061 2920 proprie
1079 2834 1283 2900 reddentibus
1297 2837 1402 2915 verba,
1414 2835 1464 2900 vel
1478 2857 1533 2902 ex·

501 2942 541 2983 co
566 2917 728 2997 itantibus,
744 2917 831 3004 quod
851 2941 927 2983 cum
971 2920 1172 2983 aronomasia
1191 2921 1331 2984 Hebraea
1351 2920 1532 3007 analogiam

503 2941 645 3082 haberet,
656 3018 693 3069 ut
703 3026 722 3067 a
734 3004 856 3073 Graecis
871 2939 1133 3089 intelligerentur.
1159 3007 1209 3069 Ita
1223 3005 1396 3093 Origenes3
1410 3028 1533 3089 verum,

419 3119 421 3123 ⁴
500 3089 627 3155 etiamsi
644 3089 927 3174 comprobarentur
947 3090 1097 3153 Hebraeae
1110 3089 1184 3153 libri
1198 3091 1328 3171 natales,
1343 3091 1411 3201 ipse
1424 3104 1532 3158 tamen

502 3198 567 3243 non
581 3175 688 3240 statim
704 3177 804 3254 fieret,
815 3175 1001 3240 fatebuntur
1016 3196 1140 3253 omnes,
1155 3177 1187 3239 ἐκ
1199 3185 1253 3240 τῶν
1267 3179 1435 3242 trinutum.

546 3264 579 3327 P.
593 3277 660 3326 112.
676 3262 698 3325 l.
715 3276 762 3326 15.
784 3260 905 3347 piperem]
921 3260 1152 3325 Hoescheliust
1175 3260 1282 3348 piptwt
1296 3266 1381 3349 παρὰ
1392 3262 1532 3344 Ἰεδαίσις,

501 3348 562 3412 alra
575 3346 754 3436 αἰχμάλωτοι
771 3346 852 3424 ὄντες.
897 3348 944 3410 At
956 3346 1058 3411 codex
1074 3344 1192 3431 Regius
1207 3357 1241 3410 et
1252 3347 1531 3430 Wetsthenianus,

458 3468 461 3472 ⁴
499 3435 585 3500 utin
599 3448 709 3499 nostro
724 3446 825 3497 textu.
840 3435 988 3496 Dauos.
1032 3429 1262 3495 Hoescloelianoe
1274 3432 1405 3497 lectioni
1420 3434 1532 3499 suffra·

527 3534 597 3585 atur
612 3518 742 3583 Heroeti
760 3518 859 3582 Verrio
876 3515 1031 3579 Posterior
1051 3539 1126 3581 cum
1147 3517 1253 3582 MSS.
1272 3517 1419 3582 Bodl.·et
1442 3518 1529 3583 Tria.

500 3542 562 3669 ico
578 3618 685 3670 autem
703 3602 842 3667 Castrius
855 3601 998 3681 alteram,
1013 3623 1086 3687 quae
1100 3602 1202 3666 verior
1219 3617 1280 3684 est,
1294 3603 1466 3668 lectionem
1479 3604 1530 3669 iu-

499 3692 620 3755 venisse
635 3689 769 3754 videtur.

543 3777 626 3842 Ibid.
640 3775 663 3840 l.
681 3786 728 3850 17.
749 3772 990 3862 ἤςραγαλωμένοι]
1006 3775 1128 3841 Omnes
1139 3797 1214 3841 cum
1230 3774 1309 3841 editi
1323 3786 1394 3840 tum
1410 3772 1529 3862 scripti,

499 3884 581 3950 quos
596 3860 670 3939 vidi,
683 3860 755 3926 libri
779 3882 842 3925 non
864 3872 990 3924 tantum
1013 3860 1076 3925 hoc
1097 3862 1240 3926 Africani
1257 3861 1342 3939 loco,
1359 3860 1415 3925 sed
1432 3861 1529 3925 etiam

498 3948 584 4033 apud
600 3945 773 4032 Origenem
787 3944 820 4009 in
836 3945 987 4030 Responsa
1002 3946 1034 4028 ξ.
1052 3961 1098 4010 13.
1113 3945 1256 4010 Africani
1270 3945 1364 4010 verba
1382 3956 1529 4031 repeten-

498 4045 576 4111 tem,
590 4031 821 4119 ἀςραγαλωμὲνοι
834 4031 963 4095 habent.
987 4031 1112 4095 Primus
1125 4031 1227 4097 edidit
1238 4031 1427 4095 Delaruaeus
1443 4039 1529 4120 prpo-

497 4117 667 4204 γαλωμένοι.
711 4120 744 4181 ls
767 4127 874 4181 autem
897 4116 938 4181 ad
963 4117 1114 4203 Origenis
1133 4117 1241 4181 locum
1264 4115 1334 4180 haec
1355 4115 1528 4195 annotavit,

498 4203 685 4268 omniafere
700 4202 740 4267 ad
754 4202 885 4267 verbum
898 4224 938 4266 ex
951 4202 1126 4267 Wetstenii
1141 4201 1237 4281 notis,
1248 4200 1334 4287 quod
1349 4198 1480 4286 quidem
1496 4212 1529 4265 et

498 4288 574 4355 alibi
597 4287 684 4367 fecit,
705 4302 880 4353 mutuatus.
916 4294 938 4327 “
951 4287 1147 4352 Wetsthenii
1167 4286 1270 4355 codex
1283 4285 1528 4373 ἂςςαγαλῶμενοι.

498 4376 660 4439 “Notum
676 4383 725 4437 est
739 4373 903 4459 ὰςρίιγαλον
918 4386 953 4436 et
967 4370 1164 4460 ἀςςαγαλίξω,
1180 4371 1283 4450 Talos,
1298 4384 1332 4435 et
1347 4369 1449 4434 lusum
1464 4370 1528 4435 Ta·

498 4466 519 4501 “
536 4459 634 4524 lorum
650 4458 837 4545 significare.
879 4461 1006 4523 Notum
1029 4457 1138 4537 etiam,
1161 4470 1306 4557 tempore
1325 4454 1528 4542 captivitatis,

498 4552 520 4586 “
534 4545 666 4611 Judaeos
689 4556 840 4643 tanquam
863 4543 1077 4631 abjectissima
1099 4543 1257 4629 mancipia
1272 4541 1412 4620 habitos,
1428 4538 1530 4607 modo

498 4638 521 4670 “
535 4630 666 4697 sortilas
680 4631 791 4716 jactos,
816 4629 914 4695 modo
935 4644 994 4715 pro
1020 4628 1088 4694 nino
1115 4628 1283 4694 distractos
1307 4626 1414 4691 fixisse.
1443 4623 1530 4691 Vide

498 4723 521 4758 “
535 4715 665 4785 laeliii.
676 4730 706 4786 3.
725 4729 759 4784 et
777 4714 1069 4784 Abdiam.ver.11.
1105 4716 1195 4802 Ergo
1215 4711 1418 4803 participium
1440 4708 1530 4777 istud
