4092 5675
501 783 565 871 35⁸
841 779 1201 852 annorurronrs

504 956 572 1021 nita
591 955 654 1020 ista
672 954 827 1021 victorum
846 955 942 1022 series
960 968 1019 1034 est,
1036 979 1101 1044 quo
1116 955 1261 1020 Africani
1280 975 1375 1042 opus.
1417 951 1546 1029 Verum

504 1040 682 1105 baudastis
696 1055 783 1106 certa
796 1063 847 1105 res
860 1041 1037 1107 videbatur.
1078 1043 1213 1143 Insuper
1227 1043 1368 1122 Gnarus,
1385 1041 1443 1132 qui
1459 1045 1544 1132 Syn-

505 1126 621 1190 cellum
642 1125 754 1206 edidit,
768 1125 918 1214 quiddam
942 1128 1029 1192 aliud
1052 1128 1169 1192 alicubi
1191 1128 1223 1190 in
1245 1126 1343 1190 Notis
1365 1127 1447 1208 auis,
1471 1149 1543 1198 nam

504 1211 612 1276 locum
636 1211 776 1276 indicare
798 1235 933 1299 nequeo,
955 1214 1110 1278 Africano
1133 1212 1290 1288 attribuit,
1312 1212 1353 1277 de
1367 1225 1444 1301 'quo
1468 1215 1544 1286 nihil

527 1297 598 1362 otui
611 1297 793 1375 decernere,
808 1299 894 1386 quia,
909 1299 995 1363 unde
1019 1298 1099 1364 illud
1122 1297 1267 1376 haberet,
1288 1296 1377 1363 haud
1400 1299 1543 1368 dixisset.

540 1403 621 1469 eque
634 1383 751 1446 librum
767 1385 909 1450 ostendit
923 1388 991 1449 Leo
1008 1384 1148 1449 Allatius
1165 1384 1198 1447 in
1214 1383 1305 1448 Natis
1319 1384 1361 1448 ad
1375 1386 1411 1449 S.
1425 1387 1544 1454 Eusta-

503 1467 564 1533 thii
582 1469 734 1532 Heraean.
752 1491 785 1555 p.
802 1485 848 1549 19.
872 1491 913 1535 ex
932 1493 997 1560 quo
1018 1470 1082 1534 hoc
1099 1468 1276 1557 genuinum
1299 1469 1437 1535 fortasse
1454 1472 1541 1562 frag-

492 1568 650 1618 mentum
667 1554 810 1619 Classici
825 1556 969 1620 Africani
984 1556 1163 1641 desumpsit
1175 1582 1183 1619 :
1196 1554 1278 1619 ’aaa
1288 1556 1433 1642 Κέκροπος
1447 1561 1485 1634 a,
1498 1564 1543 1638 τὴν

391 1683 398 1698 .
502 1638 577 1703 'lala
593 1639 698 1704 ἅλωσιν
712 1642 880 1726 συνάγοντα]
893 1647 981 1729 μικρῷ
995 1641 1089 1707 δέοντα
1103 1639 1148 1719 ἔτη
1163 1640 1199 1706 a'·
1235 1641 1288 1705 De
1301 1640 1351 1705 his
1368 1653 1509 1710 nutum.

544 1725 657 1789 Tradit
677 1725 818 1811 quidem,
834 1739 872 1791 ut
891 1740 965 1813 post
988 1727 1068 1791 alios
1088 1727 1207 1791 multos
1223 1726 1349 1791 ostendi
1365 1728 1407 1792 ad
1421 1749 1500 1817 pag.
1513 1745 1540 1810 9.

503 1811 693 1898 Hebedjesu
707 1812 738 1874 in
756 1812 904 1909 Catalaga
919 1812 1084 1876 Librarnrn
1101 1811 1320 1877 Chaldaeorum
1334 1833 1412 1900 pag.
1429 1829 1477 1878 1⁵.
1491 1816 1539 1879 ed.

503 1898 599 1961 Rom.
617 1895 710 1960 Beati
722 1895 870 1982 Africana
890 1898 1020 1983 episcopi
1036 1900 1159 1962 Emaus
1179 1908 1285 1963 extare
1301 1899 1541 1966 Commentarios

503 1981 585 2047 Noai
598 1982 786 2047 Testamenti
798 1994 828 2047 et
843 1983 1020 2047 Cironicon.
1043 1984 1284 2070 Dionysiusque
1298 1984 1483 2051 Bar-Salibi
1495 1985 1539 2052 A·

502 2066 599 2134 midae
609 2068 779 2155 episcopus
788 2070 875 2156 apud
884 2069 1169 2157 Mesopotamiam,
1176 2070 1380 2135 Assemanno
1389 2072 1541 2138 referente

501 2154 538 2219 in
551 2152 637 2218 Bihl.
654 2153 1049 2220 massmannum.
1065 2177 1098 2241 p.
1113 2168 1180 2219 ras.
1193 2155 1225 2218 in
1242 2155 1472 2221 Commentario
1486 2179 1540 2224 suo

503 2239 536 2304 in
555 2239 706 2328 Evangel.
722 2253 835 2305 testem
858 2241 966 2306 citavit
980 2241 1168 2306 Africanum
1188 2240 1392 2328 episcopum.
1435 2242 1541 2350 Aqua

501 2327 644 2413 genuina
664 2327 734 2390 baec
755 2327 874 2413 scripta
888 2327 1034 2391 Africani
1047 2327 1157 2405 fuisse,
1172 2325 1285 2391 suadet
1306 2325 1459 2395 Socrates
1477 2329 1538 2394 lna·

502 2413 635 2491 toricus,
649 2434 725 2478 cum
742 2413 931 2477 Africanum
947 2413 1030 2477 inter
1052 2413 1221 2499 scriptores
1236 2411 1289 2475 hic
1304 2426 1421 2478 auctor
1434 2433 1540 2482 moen-

383 2554 390 2568 .
501 2512 580 2577 seat,
596 2498 652 2585 qui
672 2500 706 2562 in
724 2520 829 2563 sacras
850 2498 958 2563 literas
977 2497 1187 2563 commentati
1201 2510 1318 2561 essent.
1332 2497 1392 2563 lib.
1404 2498 1439 2564 ii.
1454 2521 1483 2567 c.
1493 2515 1538 2567 ³5.

501 2607 535 2670 p.
552 2599 617 2649 130.
662 2585 884 2649 Nihilominus
903 2584 939 2648 ‘id
958 2606 1089 2671 prorsus.
1105 2583 1262 2647 incertum
1277 2582 1414 2664 videtur,
1428 2607 1471 2650 an
1482 2587 1537 2654 Ju-

471 2699 472 2706 ¹
502 2671 564 2735 lius
590 2670 644 2733 ille
666 2670 698 2733 in
722 2667 852 2734 Catenis
876 2691 973 2757 super
997 2671 1110 2734 Sacras
1138 2669 1318 2755 Scripturas
1344 2685 1544 2738 memorabis

500 2755 606 2819 Julius
628 2753 670 2818 sit
687 2772 798 2819 noster
811 2756 994 2820 Africanus.
1039 2754 1205 2819 Laudatur
1220 2753 1364 2842 quidem,
1380 2769 1418 2819 ut
1434 2757 1541 2824 Fabri·

501 2843 570 2906 cius
592 2840 689 2903 docet
706 2841 858 2904 Bibliotls.
877 2843 983 2906 Groec.
999 2856 1079 2906 tom.
1093 2866 1123 2904 v.
1141 2863 1174 2928 p.
1189 2854 1260 2917 270.
1279 2840 1359 2906 Julii
1383 2843 1541 2910 comm

503 2925 603 2988 tarius
619 2925 651 2988 in
663 2926 835 3007 Jabannern
849 2949 868 2990 a
882 2928 978 2990 Mose
993 2927 1159 3012 Barcepha
1174 2928 1279 3014 Syros
1301 2927 1359 2991 sed
1375 2928 1468 3017 quod

500 3011 713 3090 meminerim,
724 3012 908 3098 ubicunque
922 3012 956 3076 in
966 3011 1099 3076 Catenis
1111 3013 1278 3078 Africanus
1290 2950 1543 3081 indubitateeail3

500 3097 649 3174 ducatur,
667 3120 730 3161 non
752 3121 851 3162 unum
868 3111 995 3162 tantum
1010 3120 1128 3163 nomen
1141 3097 1257 3174 Julius,
1272 3097 1330 3161 sed
1344 3098 1456 3166 Julius
1469 3122 1540 3167 cum

402 3184 404 3189 ’
501 3184 696 3271 cognomine
716 3184 899 3269 Africanas,
922 3199 977 3248 aut
997 3183 1171 3270 Africanas
1191 3186 1290 3262 solus,
1312 3198 1463 3251 exaratus
1484 3199 1540 3252 est.

501 3270 574 3334 Imo
593 3269 709 3334 Canius
730 3270 814 3334 Hist.
832 3271 899 3334 Lit.
915 3271 947 3334 in
963 3292 1039 3334 voce
1052 3269 1199 3334 Julianus
1215 3268 1361 3334 Halicar.
1376 3271 1542 3361 conjectu·

499 3380 567 3422 ram
596 3357 684 3435 fecit,
709 3357 831 3421 Julium
857 3357 1043 3442 episcopum
1066 3357 1109 3422 ab
1134 3370 1266 3420 auctore
1293 3356 1425 3422 Catanoe
1453 3373 1542 3443 super

499 3443 591 3506 Joan.
611 3464 681 3528 cap.
699 3443 772 3507 xvii.
795 3442 973 3507 adductum
996 3441 1159 3506 Julianum
1182 3460 1253 3505 esse
1275 3442 1541 3520 Halicamassena

501 3550 589 3606 sem3
612 3541 645 3592 et
664 3528 809 3613 quaesivit
825 3529 964 3591 Grabius
980 3527 1011 3590 in
1029 3542 1108 3590 tom.
1122 3528 1155 3591 ii.
1173 3525 1334 3614 Spicilcgii
1348 3530 1417 3592 PP.
1434 3551 1542 3595 annon

500 3614 606 3678 Julius
621 3614 654 3678 in
670 3615 788 3677 Carano
803 3613 880 3677 MS.
897 3611 1072 3677 Bodleiano
1091 3627 1183 3697 snper
1200 3613 1363 3677 Proverlia
1384 3615 1542 3685 excitatus

500 3701 531 3764 in
554 3699 718 3764 ¹lulianam
743 3699 1050 3783 sitconvertendus.
1095 3698 1249 3762 Attamen
1272 3698 1322 3762 hae
1344 3699 1541 3789 conjectura

501 3787 550 3849 vix
576 3785 761 3849 necessaria
783 3799 869 3864 sunt,
896 3786 1047 3871 quoniam
1072 3785 1099 3848 si
1125 3784 1294 3848 Africanus
1320 3783 1542 3873 chronologus

498 3872 594 3943 isthic
610 3871 697 3935 haud
717 3871 924 3956 significetur,
940 3884 1049 3957 posset
1063 3882 1171 3933 tamen
1185 3870 1265 3934 alius
1280 3869 1352 3956 quis
1366 3870 1477 3936 Julius
1491 3873 1541 3937 fu·

499 3959 562 4021 isse
584 3958 721 4044 scriptor
742 3958 992 4034 ecclesiasticus3
1015 3971 1053 4020 ut
1072 3955 1210 4041 exempli
1230 3976 1338 4034 causa,
1352 3957 1473 4037 Julius,
1490 3958 1542 4023 cui

499 4044 701 4122 adscribitur,
725 4058 762 4107 ut
790 4043 889 4107 modo
914 4056 987 4128 post
1008 4042 1195 4105 ‘Fabricium
1221 4040 1297 4119 dixi,
1325 4063 1345 4104 a
1373 4043 1543 4194 Barcepha'

502 4129 746 4192 Commentarius
763 4129 794 4192 in
806 4129 989 4192 Joaannem.
1026 4129 1111 4191 Tum
1126 4140 1290 4214 praeterea,
1304 4127 1395 4213 quod
1410 4130 1465 4214 qni
1491 4151 1541 4194 em

499 4214 814 4278 animadvertendum
831 4230 890 4294 est,
899 4216 933 4287 in
950 4214 1026 4300 ipsis
1040 4213 1152 4279 iisdem
1166 4234 1251 4298 saepe
1267 4212 1400 4278 Catenis
1412 4228 1540 4280 utrum·

498 4319 563 4386 que
578 4320 695 4362 nomen
710 4301 816 4363 Julius
832 4316 864 4364 et
878 4301 1023 4365 Julianus
1039 4301 1180 4363 affertur.

544 4388 618 4449 Hoc
634 4384 733 4470 igitur
747 4387 857 4465 misso,
873 4385 960 4450 aliud
974 4386 1085 4470 paucis
1100 4383 1299 4448 memorabo.
1343 4385 1447 4449 Breve
1462 4384 1547 4450 illud'

424 4514 427 4520 .
502 4471 671 4536 Chronican
687 4470 727 4534 ab
744 4471 832 4534 Orbe
847 4472 989 4535 Condito
1004 4471 1047 4534 ad
1065 4493 1183 4535 annum
1201 4470 1351 4533 ultimum
1365 4469 1542 4536 Alexandri

461 4573 473 4579 ·’
500 4558 607 4622 Severi
622 4559 705 4642 Irnp.
722 4557 924 4641 perductum,
938 4556 1027 4645 quod
1044 4556 1174 4643 quidem
1192 4555 1351 4633 Canisius,
1365 4556 1540 4634 Labbaeus,

499 4644 702 4729 Ducangius,
717 4641 943 4729 Fabriciosque
957 4641 1137 4721 ediderunt,
1151 4663 1171 4705 a
1186 4641 1290 4704 doctis
1305 4641 1462 4706 Africano
1484 4642 1541 4705 tri·

498 4731 612 4795 butum
627 4729 725 4793 fuisse
739 4728 783 4794 ait
799 4727 916 4794 Cavius
930 4728 963 4795 in
979 4728 1066 4793 Hist.
1079 4727 1159 4806 Lu,
1173 4750 1203 4791 v.
1218 4723 1415 4817 Hippolytus
1424 4749 1461 4814 p.
1474 4740 1540 4807 109.
