4092 5675
717 753 770 822 ur
792 753 890 822 csn
912 754 1210 822 emensum.
1437 772 1479 846 ις

444 927 591 1015 sedquia
602 926 667 993 toti
679 926 794 992 haeresi
829 926 1000 993 miseret.
1016 926 1246 992 Coosrsnre
1268 922 1321 1001 ui,
1330 938 1368 990 ut
1379 926 1481 991 modo

442 1014 556 1092 docui,
569 1015 604 1079 in
618 1012 774 1098 Epistolis
815 1036 874 1077 om.
888 1013 1008 1099 Pontis.
1027 1012 1070 1076 ad
1090 1034 1165 1100 pag.
1184 1026 1250 1076 110.
1287 1032 1346 1075 ane
1364 1010 1482 1077 locavit

442 1100 626 1165 historiam.
662 1100 700 1163 In
715 1097 792 1164 MS.
806 1120 935 1185 quoque
949 1095 1092 1183 Nnrfolc.
1106 1114 1141 1163 et
1154 1100 1282 1162 Bornos.
1299 1096 1408 1177 eadee,
1423 1120 1481 1162 cu·

439 1184 497 1274 jus
511 1208 610 1272 supra
624 1184 822 1250 mentionem
840 1184 914 1262 feci,
930 1175 1079 1248 scribitur
1094 1189 1236 1261 nantinus.
1280 1182 1345 1246 Sed
1360 1204 1418 1266 pro
1433 1182 1482 1247 al·

445 1286 516 1337 tera
528 1271 666 1336 lectione
678 1276 850 1355 nuspa-iim
860 1284 959 1334 testes
973 1268 1096 1334 addidit
1112 1268 1276 1334 Strothius
1290 1268 1363 1331 cod.
1378 1268 1483 1333 Veneti

446 1358 552 1423 Lern.
564 1356 615 1421 ed.
630 1356 745 1421 Gener.
759 1356 870 1443 Merg.
890 1354 1217 1441 Christoptorsonique
1231 1356 1349 1438 interp.
1365 1354 1484 1440 quibus

428 1444 437 1458 ”
445 1441 683 1541 adjungendus.
698 1454 749 1505 est
771 1442 890 1527 Margo
914 1439 1101 1525 exemplaris
1128 1438 1351 1525 Stepduninnoe
1376 1440 1424 1503 ed.
1450 1440 1483 1506 in

446 1527 626 1594 Bodleana
642 1526 767 1590 servati.

493 1614 528 1678 Ρ.
540 1630 571 1691 9.
586 1613 608 1676 l.
622 1626 651 1676 Β.
673 1615 787 1693 nnumin
801 1610 912 1696 δηνάρια
927 1609 989 1698 gni]
1003 1610 1092 1698 Quin
1116 1632 1156 1676 ue
1167 1611 1292 1675 circiter
1307 1609 1401 1675 librae
1412 1611 1484 1675 Au·

446 1698 545 1785 glicoe
560 1711 701 1762 monetae
713 1697 784 1760 haec
798 1718 927 1762 summa
940 1696 1076 1761 valebat.
1127 1698 1320 1761 heodoretus
1334 1718 1416 1773 vero,
1430 1693 1487 1762 ubi

449 1805 557 1892 supra,
578 1783 714 1869 enixam
736 1782 763 1845 di
783 1780 917 1868 παρέξειν
937 1785 1013 1866 αὐτῷ
1034 1783 1207 1859 ominem
1229 1783 1277 1843 nai
1299 1782 1397 1844 inuris
1419 1784 1485 1847 καθ’

448 1875 551 1945 mens
573 1868 625 1950 ἠμί
662 1893 675 1931 ν
695 1867 819 1954 δηνάρια,
830 1866 1052 1951 promittebant
1073 1879 1176 1931 autem
1197 1865 1247 1931 itti
1267 1867 1394 1931 daturos
1406 1890 1439 1955 se
1453 1866 1488 1933 in

449 1953 592 2062 singulos
605 1896 673 2018 dede
685 1953 825 2017 denarios
843 1967 909 2017 150.
946 1954 1022 2016 Post
1036 1952 1126 2017 illurn
1142 1951 1332 2037 Nicephorus
1343 1975 1487 2061 quoque,

448 2043 563 2123 δηναρια
578 2042 605 2104 δὲ
621 2041 720 2103 ἑκατὸν
734 2040 781 2102 καὶ
795 2040 972 2112 πεντήκοντα
986 2040 1052 2102 καθ’
1068 2039 1167 2115 ἑκάς-ην
1182 2044 1343 2123 &sveine
1355 2064 1489 2126 παρεχειν

450 2130 540 2211 αὐτῷ.
576 2125 641 2190 Sed
660 2124 809 2189 diurnum
832 2124 942 2201 fuisse,
955 2122 1273 2201 haud-menstruum,
1291 2123 1393 2189 hocce
1409 2124 1491 2189 sala·

449 2212 549 2291 rium,
565 2233 640 2275 vero
660 2209 805 2275 absimile
825 2224 887 2273 est.
921 2210 1026 2274 Vetus
1040 2208 1137 2274 habet
1151 2210 1307 2296 interpres
1321 2220 1490 2275 monstrare
1571 2271 1573 2276 .

492 2296 680 2368 metationis.
1242 2299 1245 2304 ’

447 2313 582 2447 ρτΠΜ.
597 2382 663 2460 1.9.
684 2384 716 2445 δι’
740 2379 899 2468 δραμάτων]
921 2379 1144 2444 “Istiusmodi
1166 2379 1321 2443 visionum
1344 2401 1435 2444 exem
1460 2379 1492 2445 la

453 2476 477 2509 “
492 2468 557 2533 alia
576 2467 663 2553 apud
684 2468 769 2531 tertii
792 2465 890 2533 etiam
913 2466 1021 2530 saculi
1041 2464 1223 2550 scriptores,
1238 2486 1356 2551 eosque
1375 2402 1459 2552 proi
1478 2502 1493 2517 ·

453 2559 477 2594 “
492 2554 627 2619 tissimae
642 2553 727 2629 fidei,
742 2574 806 2616 non
844 2571 925 2614 auca
939 2564 1138 2636 repetuntur,
1181 2552 1257 2651 Qua
1271 2549 1311 2614 de
1330 2573 1364 2615 re
1378 2551 1492 2617 videsis

452 2638 674 2704 “doctissimi
693 2573 858 2702 Dodweii
877 2636 1014 2700 Dissert.
1037 2636 1190 2723 Cyprian.
1205 2660 1245 2699 iv.
1264 2635 1305 2699 ad
1323 2638 1426 2722 Epist.
1440 2638 1493 2703 8.’'

454 2724 573 2791 Rullus
584 2722 709 2788 ,Iudicio
722 2721 843 2786 Erotes.
861 2720 983 2786 Getici.
998 2743 1069 2808 cap.
1083 2722 1127 2784 iii.
1142 2743 1174 2806 p.
1186 2734 1237 2797 27.
1258 2743 1278 2785 a
1298 2722 1493 2798 assume.

453 2812 584 2878 allatus.
608 2812 646 2875 In
661 2808 797 2873 Dissert.
812 2828 941 2896 quoque
957 2808 1061 2872 suain
1080 2808 1231 2872 trenaeum
1247 2808 1387 2872 secunda
1400 2812 1430 2892 §.
1440 2823 1493 2874 45.

453 2899 496 2965 de
522 2897 582 2961 hac
608 2896 677 2982 ipsa
699 2896 768 2981 agit
794 2894 926 2966 historia
952 2893 1153 2958 Dodwellus.
1209 2894 1497 2982 Constantiusque,

478 2983 516 3048 ui
528 2981 634 3053 vertit,
650 2979 926 3066 reprehendebatur
945 2978 979 3043 in
999 2977 1083 3056 visis,
1102 2992 1135 3043 et
1155 2978 1244 3057 infra,
1259 2979 1312 3043 sed
1332 3001 1400 3043 cnm
1420 2980 1494 3046 vnis

455 3008 526 3135 iilis
541 3064 748 3150 obtemperare
762 3064 944 3152 negligeret,
959 3063 1000 3128 ad
1017 3064 1126 3128 locum
1141 3063 1210 3128 hac
1224 3066 1269 3128 ait
1281 3088 1290 3143 ς
1315 3072 1337 3104 ‘⁶
1349 3065 1495 3146 Rufinus,

454 3163 481 3196 “
494 3153 599 3232 vertit,
621 3150 841 3216 admonebatur
863 3149 896 3215 in
917 3149 1053 3214 somniis.
1090 3149 1237 3214 Valesius
1252 3171 1336 3228 vern,
1351 3152 1497 3249 corripie-

454 3247 479 3282 “
496 3238 589 3304 tatur
603 3237 637 3302 in
651 3236 783 3313 somnis3
806 3247 840 3301 et
851 3236 945 3315 infra,
958 3236 1012 3299 sed
1026 3257 1095 3299 cum
1108 3245 1272 3298 nocturnos
1286 3236 1434 3319 ejunnodt
1447 3237 1496 3301 oi·

456 3333 480 3367 “
494 3325 592 3390 stenes
607 3320 779 3410 negligeret
787 3348 801 3400 ,-
823 3344 889 3407 quo
908 3321 941 3384 in
961 3320 1036 3384 loco
1056 3320 1189 3384 Rufinus
1209 3342 1272 3383 non
1288 3321 1411 3384 addidit
1425 3344 1497 3386 noc·

458 3418 482 3452 “
499 3420 619 3474 tornae.
659 3409 696 3471 In
718 3421 855 3492 utroque
877 3406 951 3470 loco
973 3405 1094 3491 placuit
1113 3405 1227 3469 litterae
1244 3407 1368 3470 Graecae
1386 3406 1496 3471 adhae-

458 3503 482 3537 “
497 3516 580 3572 rere,
604 3495 638 3558 in
660 3515 725 3578 qua
749 3492 826 3556 nihil
853 3504 903 3556 est
927 3491 1012 3556 unde
1037 3491 1261 3568 somniantine‚
1287 3512 1327 3554 an
1353 3491 1498 3578 vigilanti

458 3589 482 3623 “
498 3581 569 3645 haec
584 3582 650 3645 visa
665 3593 793 3642 ostensa
807 3578 882 3656 sint,
899 3576 1131 3664 conjectemus.
1176 3577 1282 3640 Immo
1300 3579 1410 3642 Petrus
1425 3578 1497 3643 Gil-

460 3675 483 3708 “
498 3667 560 3731 iius
581 3663 614 3728 in
636 3663 757 3728 lexico
777 3664 924 3727 observat
942 3669 973 3726 τὸ
994 3661 1097 3747 ὅραμα,
1112 3684 1178 3747 quo
1197 3676 1381 3728 constanter
1398 3664 1499 3741 utitur

460 3759 484 3794 “
500 3753 708 3838 Anonymus,
723 3749 763 3813 de
778 3749 851 3813 visis
865 3748 1066 3835 vigilantium
1105 3749 1208 3832 roprie
1221 3747 1319 3811 dici.''
1361 3749 1409 3813 At
1423 3771 1498 3813 vero

461 3853 558 3902 nocte
582 3836 766 3900 verberatus
794 3834 892 3899 fuisse
921 3833 1048 3898 Natalis
1076 3770 1204 3898 dicitur.
1259 3835 1301 3896 Et
1327 3834 1383 3919 qui
1408 3835 1498 3899 simi·

461 3923 527 3987 lem
549 3943 681 4007 prorsus
700 3921 911 3984 narrationem
931 3920 1031 3984 literis
1051 3918 1252 4004 consignavit
1269 3918 1358 3982 Beda
1371 3918 1413 3982 de
1426 3941 1500 3985 cor·

462 4023 556 4093 repto
584 4005 720 4091 flagellis
744 4027 764 4069 a
793 4007 886 4070 Petro
912 4005 1061 4090 apostolo
1088 4003 1263 4068 Laurentio
1290 4004 1502 4071 Cantuarensi

461 4092 719 4178 archiepiscopo,
734 4112 800 4154 rem
824 4092 869 4155 ita
890 4112 1015 4154 narrare
1038 4090 1147 4174 coepit.
1184 4090 1262 4154 Cam
1277 4113 1347 4153 vero
1365 4101 1395 4155 et
1414 4093 1502 4156 Len·

463 4178 583 4242 sentius
598 4175 764 4240 Mellitnm
777 4177 964 4262 ,lustumque
976 4185 1146 4252 secuturus,
1159 4196 1196 4238 oc
1210 4175 1411 4240 Britanniam
1424 4189 1502 4242 esset

462 4262 642 4337 relicturus,
654 4261 753 4344 jussit
769 4261 837 4344 ipsa
851 4260 910 4325 sibi
922 4271 1009 4325 noete
1020 4261 1053 4324 in
1067 4259 1194 4326 ecclesio
1209 4261 1366 4326 beatorum
1379 4274 1501 4348 aposto·

466 4348 568 4412 lorum
584 4346 672 4411 Petri
686 4356 715 4409 et
730 4346 837 4425 Pauli,
852 4347 890 4410 de
904 4368 967 4433 qno
976 4346 1165 4495 frepuenter
1173 4348 1246 4432 jam
1260 4347 1406 4426 discimus,
1420 4360 1504 4413 stra·

467 4445 535 4496 turn
550 4431 673 4517 parari,
689 4431 722 4495 in
737 4453 794 4518 quo
810 4454 879 4495 curn
898 4441 968 4516 post
985 4455 1037 4495 ma
1054 4442 1102 4497 tos
1122 4447 1226 4516 preces
1240 4433 1446 4519 calonymus
1461 4435 1504 4498 od

468 4518 640 4583 Dominum
650 4532 706 4602 pro
722 4527 808 4581 statu
822 4517 1070 4602 eeclesiaesusos,
1085 4517 1127 4616 ιιάΙ
1140 4517 1352 4605 quiescendum
1366 4519 1504 4583 membro
1577 4545 1579 4549 ’

466 4603 615 4690 posuisset
636 4615 733 4690 atque
753 4602 979 4682 obdormisset,
994 4617 1144 4690 apparuit
1156 4603 1186 4668 ei
1208 4602 1409 4669 beatissimus
1424 4627 1505 4693 apo·
