4092 5675
728 709 781 778 ru
801 708 1022 778 Armorum
1045 708 1298 779 cimorum.
1463 726 1525 797 279

489 875 673 946 'Chariton
695 879 919 947 paramesen
935 880 1183 980 Alexandrinum
1203 882 1244 947 ad
1265 904 1299 969 p.
1312 887 1363 947 36.
1385 891 1418 946 et
1435 902 1524 1031 ‘ff'

499 963 555 1029 ed.
575 965 693 1030 Ducan
717 965 750 1046 '',
776 981 846 1032 tum
868 967 1034 1032 Cedrenus
1055 967 1088 1030 in
1110 968 1321 1032 Hutorr'orum
1344 969 1437 1051 comp
1497 987 1527 1030 ro

500 1047 543 1114 ed
555 1067 589 1150 p.
606 1065 655 1150 15.
712 1053 832 1151 .}{aris.
852 1054 907 1140 qui
929 1052 970 1117 ad
992 1052 1123 1151 verbum
1141 1053 1295 1140 majorem
1314 1052 1383 1140 ejus
1403 1064 1526 1140 partem

498 1147 660 1214 amram,
674 1158 805 1202 nomme
817 1159 946 1224 quoque
959 1137 1107 1225 Afrorum
1120 1137 1228 1203 allato.

511 1273 514 1278 .
545 1220 581 1285 P.
597 1234 664 1300 149.
677 1220 699 1285 l.
712 1235 763 1286 23.
789 1227 839 1286 ὑπὸ
861 1232 909 1287 τοῦ
933 1224 1058 1311 πατρὸς]
1084 1224 1182 1287 Hunc
1208 1224 1365 1288 Domuum
1389 1222 1528 1309 appellat

503 1302 650 1372 Gdrouici
663 1306 825 1372 Parodalis
838 1321 961 1372 auctor.

546 1389 631 1455 lbid.
658 1395 694 1465 εἰς
717 1393 882 1477 ἐπωνυμίαν]
903 1394 955 1457 Ita
978 1414 1017 1456 ex
1042 1390 1151 1457 Cicron.
1173 1390 1319 1461 Puscdul.
1340 1403 1375 1457 et
1396 1390 1528 1457 cedreno

499 1475 1466 1647 rrfflrpdpppoeu{prpprppjfflvpppgvuh
1480 1582 1529 1626 ..-

499 1665 562 1730 geu
620 1607 678 1710 imi
698 1589 978 1712 hociordineiiieie
998 1590 1208 1725 recensentiir‚
1222 1584 1465 1732 primuiTBelua
1480 1668 1532 1710 se·

558 1743 561 1748 '
590 1754 629 1795 ua
642 1732 759 1812 Ninus,
773 1733 904 1798 maritus
919 1733 1113 1812 Semiramis,
1128 1755 1192 1797 non
1207 1733 1302 1812 filius,
1318 1734 1411 1797 tertia
1425 1731 1529 1796 Semi·
1643 1745 1645 1750 '

500 1817 1260 1989 r

470 2001 473 2006 “
500 1983 575 2050 buit
588 1985 751 2071 Josephus
771 1988 855 2052 Scali
880 2011 914 2051 er
928 1988 1019 2051 Notis
1039 1988 1072 2053 iu
1097 1988 1211 2053 Groecu
1225 1988 1352 2053 Eusebii
1364 2009 1398 2074 p.
1412 2001 1483 2052 413.
1498 1999 1532 2053 et

500 2069 593 2170 alibi.
637 2073 685 2135 At
707 2071 840 2171 dpbium
855 2010 928 2137 irco
949 2074 1026 2137 facit
1051 2080 1126 2160 ῥῆσις
1147 2074 1271 2153 isthaee,
1292 2075 1324 2139 in
1348 2096 1412 2161 qua
1435 2073 1533 2138 Belus

499 2155 593 2220 Nino
606 2177 806 2237 successisse,
821 2180 885 2222 nou
898 2180 952 2222 rex
966 2159 1087 2244 primus
1102 2159 1198 2223 fuisse
1211 2158 1338 2224 dicitur.

546 2241 582 2305 P.
599 2255 667 2304 150.
687 2241 709 2305 1.
724 2257 755 2306 2.
778 2247 792 2305 1
806 2245 853 2307 καὶ
868 2245 969 2328 Πῖκος]
989 2244 1039 2307 Ita
1055 2264 1172 2308 nomen
1185 2243 1291 2308 scribo
1333 2255 1384 2307 ost
1405 2242 1534 2330 Diony·

501 2325 587 2390 aium
603 2326 681 2390 Hal.
693 2326 804 2414 Antip.
821 2328 917 2406 lib.I.
932 2349 965 2414 p.
981 2343 1028 2392 11.
1044 2327 1095 2395 ed.
1110 2329 1149 2392 R.
1164 2328 1275 2413 Steph.
1290 2264 1346 2391 nii
1363 2332 1448 2402 ωῑκος
1468 2328 1534 2392 avis

500 2426 786 2491 commemoratur,
809 2431 905 2500 atque
928 2426 1002 2499 post
1026 2411 1218 2480 cedrenum.
1268 2411 1426 2497 Corrupto
1448 2413 1535 2477 enim

501 2495 626 2582 legitur
638 2502 734 2573 Πῆκον
748 2498 780 2561 in
796 2498 856 2563 hac
871 2498 1041 2585 Symeonis
1050 2500 1135 2585 ῥήσει,
1146 2498 1255 2584 itaque
1265 2499 1332 2561 fere
1344 2498 1377 2561 in
1389 2496 1534 2561 Chronico

501 2579 663 2660 Pusoholi,
685 2582 746 2647 etsi
765 2583 926 2648 interdum
948 2588 1037 2656 Πῖκος
1059 2598 1092 2647 et
1109 2609 1151 2646 err
1169 2581 1318 2664 ισπῶμενον
1339 2604 1468 2668 quoque
1489 2581 1535 2648 ibi

503 2669 506 2674 '
564 2665 647 2742 itum
673 2679 733 2748 est,
761 2668 843 2733 sicut
866 2689 993 2753 semper
1019 2667 1105 2753 opud
1162 2667 1327 2734 edreuum.
1379 2670 1423 2733 Et
1441 2667 1536 2732 Picus

500 2685 620 2826 &tine
632 2750 799 2831 scribitur5

587 2837 781 2903 ——Fourro
795 2838 889 2904 Picus
899 2852 1002 2925 pater,
1017 2840 1103 2928 isque
1114 2852 1276 2926 parentem

590 2921 645 3003 Te,
660 2920 803 3003 saturne,
818 2924 925 3011 refert,
940 2937 975 2990 tu
990 2927 1151 3014 sanguinis
1166 2926 1296 2992 ultimus
1310 2934 1427 2993 auctor.

1049 3024 1052 3031 “
1181 3012 1272 3098 Virg.
1284 3012 1363 3076 AErr.
1378 3011 1429 3075 vii.
1440 3021 1494 3077 48.

506 3138 510 3145 ·
546 3092 632 3160 lbid.
646 3094 670 3158 l.
683 3108 714 3160 3.
745 3094 795 3181 ἔχε
818 3097 846 3160 δὲ
871 3096 972 3184 Κρόνος
997 3098 1045 3160 καὶ
1070 3095 1173 3184 ἑτέρους
1197 3097 1241 3161 δύο
1268 3097 1342 3181 &c.]
1370 3095 1537 3160 Cedrenuu

502 3178 577 3245 hoec
590 3178 709 3259 babet3
730 3183 766 3255 ὥς
783 3184 810 3245 δὲ
830 3181 993 3270 Ἀφρικανός
1006 3200 1086 3265 φησι.
1100 3183 1147 3245 καὶ
1162 3180 1249 3268 imper
1263 3185 1317 3246 υἱὸν
1332 3181 1396 3265 ἔχεν
1410 3180 1538 3267 ὁΚςὸνος
1678 3222 1681 3231 =

502 3266 552 3329 τὸν
565 3262 683 3353 ‘Aegeu
699 3269 730 3343 ἐξ
749 3265 778 3330 οὗ
794 3265 907 3353 Ἀφρω,
923 3266 950 3340 ὃς
963 3266 1058 3350 γήμας
1075 3265 1228 3347 Ἀςυνίμην
1242 3265 1350 3342 ὒποῖησε
1366 3267 1424 3330 &m
1439 3278 1538 3351 atque

502 3348 552 3414 aie
572 3348 722 3436 deinceps
740 3350 781 3414 ad
802 3374 904 3438 usque
924 3351 1018 3417 finem
1035 3356 1083 3428 τῆς
1101 3351 1213 3437 pieros.
1256 3350 1412 3415 Scribitur
1424 3348 1538 3414 itidem

503 3434 541 3499 in
557 3434 670 3499 claron.
684 3435 830 3500 Pusckul.
844 3437 1007 3518 Ἀςυνόμην.

548 3519 635 3584 lbid.
648 3521 671 3584 Ι.
685 3527 715 3585 6.
738 3519 840 3585 mim
853 3524 880 3585 ir
892 3526 927 3608 τῇ
940 3521 1026 3607 δόσει]
1043 3520 1187 3589 κατελθὸν
1201 3526 1227 3585 ir
1239 3526 1274 3608 τῇ
1287 3523 1313 3585 ὃ.
1330 3519 1494 3583 CedrenuS.

548 3604 727 3670 lbid.l.1o.
742 3611 767 3670 ἐν
780 3613 813 3692 τῇ
827 3607 937 3695 Κςῆτῃ]
949 3606 1072 3672 Addidi
1084 3607 1256 3680 articulum
1266 3628 1305 3670 ex
1319 3605 1464 3684 Cedreuu,
1475 3603 1538 3671 uic·

498 3700 544 3755 111
557 3689 599 3755 ed
611 3690 636 3754 l.
648 3704 678 3756 8.
694 3703 768 3755 ante
783 3692 949 3779 Ἀσσυρίων.

549 3774 634 3839 lbid.
648 3775 672 3841 l.
687 3791 734 3841 11.
757 3780 907 3865 Θοῢςας,ὁ
928 3778 975 3842 καὶ
993 3774 1092 3862 Ἄρης]
1110 3775 1236 3864 Θοόῤῥας
1251 3796 1367 3847 nomen
1389 3773 1539 3840 scribitur

503 3856 539 3925 in
555 3858 667 3925 Gkrou.
681 3860 828 3927 Paschul.
849 3867 943 3949 Θέρος
957 3861 1055 3926 habet
1071 3861 1234 3936 cedrenus.
1256 3866 1339 3947 θῦρος
1352 3859 1439 4008 Ἀλέης
1451 3857 1539 3946 apud
1667 3890 1669 3896 ,

504 3944 689 4010 Homerum
712 3947 895 4032 frequenter
915 3946 1056 4032 positum
1079 3959 1138 4025 est,
1159 3945 1264 4032 θούριος
1275 3944 1362 4032 Ἄρης
1407 3942 1539 4030 ophocli

503 4028 642 4117 aliisque
653 4029 801 4095 solennis.
824 4029 924 4115 Θέρας
935 4031 1072 4117 denique
1083 4054 1156 4095 cum
1171 4029 1308 4116 simplici
1318 4056 1345 4116 p,
1357 4041 1390 4094 et
1401 4050 1540 4118 paroxy-

457 4116 461 4121 ’
504 4126 634 4192 tonum,
649 4115 762 4179 Suidus
779 4116 810 4179 in
826 4138 905 4195 uoce,
920 4115 988 4202 qui,
999 4116 1134 4215 perinde
1145 4129 1242 4202 atque
1256 4129 1369 4179 auctor
1383 4114 1540 4179 Breviorii

507 4199 720 4286 chronologici
733 4200 808 4265 MS.
823 4201 1009 4265 Barocciam
1027 4223 1047 4264 a
1058 4202 1183 4282 Joanne
1195 4200 1355 4286 Gregorio
1375 4200 1416 4265 ad
1437 4223 1502 4287 pag
1528 4247 1539 4268 .

505 4298 577 4364 222,
598 4298 632 4349 et
650 4300 720 4364 229.
743 4299 777 4349 et
796 4285 870 4350 alibi
896 4286 1030 4372 Operum
1078 4285 1120 4349 'us
1142 4299 1421 4364 commemoratus,
1515 4287 1540 4352 't

506 4368 550 4433 de
568 4369 636 4434 viro
656 4370 696 4435 iis
718 4368 834 4434 similia
851 4393 923 4458 quae
947 4369 1033 4458 apud
1054 4307 1248 4451 gedrenum,
1264 4371 1484 4454 Malalemque
1504 4369 1541 4433 in

461 4472 464 4481 ·
508 4452 741 4542 Chrouogruplo.
757 4455 796 4520 ad
811 4476 887 4542 pag.
903 4468 950 4532 17.
964 4467 1084 4523 extant.
1128 4455 1254 4522 Positue
1269 4472 1320 4521 eat
1339 4458 1412 4520 loco
1426 4452 1540 4537 quinto

442 4594 445 4599 .
506 4560 542 4603 re
589 4563 623 4603 m
636 4540 842 4627 Assyriorum
858 4541 994 4608 Ariusa
1015 4539 1166 4626 Syncello
1180 4548 1311 4629 quoque
1324 4539 1366 4605 ud
1378 4557 1454 4625 pag.
1470 4551 1539 4605 103.

509 4622 539 4689 C
556 4622 784 4713 rorrogruplrice.

525 4722 530 4733 “
998 4728 1020 4775 Τ
1033 4723 1054 4776 4
