4092 5675
480 801 483 808 .
545 745 832 816 mannicum
849 745 982 813 srlsr.
997 747 1063 813 nn
1079 746 1340 814 Amsrlnnn.
1395 767 1458 836 αις

427 920 480 1002 nis
500 920 707 1000 familiarum,
729 918 855 1006 quoties
879 918 994 984 mulier
1019 919 1174 1007 susceptis
1195 922 1264 1006 jam
1289 918 1395 984 liberis
1419 941 1459 984 ex

452 1007 534 1072 riore
558 1006 772 1083 matrimonio,
797 1006 837 1069 ad
859 1003 1014 1069 secundas
1039 1006 1165 1091 nuptias
1187 1006 1410 1083 transvolabaa
1424 1017 1459 1068 et

426 1027 511 1156 ilios
525 1111 566 1156 ex
579 1090 755 1176 posteriore
771 1091 868 1154 etiam
883 1091 949 1154 viro
963 1090 1117 1176 pariebat.
1156 1093 1231 1178 Quo
1245 1092 1341 1169 lactc,
1357 1091 1458 1154 filium

425 1200 468 1242 ex
490 1176 596 1263 priore
616 1176 820 1240 matrimonio
842 1189 963 1253 natum,
980 1198 1110 1239 uxorem
1133 1176 1269 1253 duxisse,
1286 1188 1319 1239 et
1339 1177 1460 1260 impro-

425 1264 494 1328 lem
508 1275 621 1348 postea
635 1261 751 1325 obiisse
767 1261 935 1347 fingamus.
963 1263 1054 1325 Tunc
1069 1262 1095 1326 si
1110 1261 1205 1325 frater
1217 1261 1303 1325 illius
1318 1262 1460 1326 uterinus

425 1346 557 1412 viduam
576 1346 609 1410 in
629 1346 817 1432 conjugium
834 1347 969 1425 duxerit,
984 1361 1017 1411 et
1036 1369 1075 1410 ex
1096 1369 1134 1410 ea
1153 1347 1270 1411 liberos
1285 1347 1460 1425 sustulerit,

426 1433 463 1498 in
483 1453 621 1519 persona
640 1432 815 1496 liberorum
835 1432 895 1495 erit
915 1432 1021 1517 aliqua
1035 1432 1227 1496 familiarum
1243 1432 1401 1511 confusio,
1415 1432 1461 1496 ita

426 1533 469 1583 ut
482 1532 597 1582 natura
611 1517 741 1604 quidem
757 1517 872 1603 hujus:
895 1517 967 1603 lege
985 1533 1104 1596 autem,
1120 1518 1204 1582 illius
1227 1517 1282 1580 tilii
1303 1518 1460 1581 dicantur.

427 1605 639 1668 VALESIUS.
683 1603 828 1667 Forsitan
839 1604 932 1666 verba
942 1602 1110 1676 ἀναςᾶσεσιν
1125 1601 1173 1668 vel
1187 1601 1320 1676 ἀναςᾶσει
1333 1603 1461 1688 σπερμά·

427 1714 485 1754 των
509 1687 650 1774 rejiculis
676 1688 883 1753 adnumerare
909 1710 973 1752 non
1001 1711 1130 1753 necesse
1158 1701 1219 1766 est,
1248 1710 1323 1753 cum
1349 1710 1461 1751 vocem

428 1771 568 1848 ἄνάςασις
582 1773 616 1838 in
630 1774 844 1859 superioribus
858 1773 900 1837 ad
915 1774 1175 1839 substitutionem
1194 1774 1291 1860 prolis
1305 1773 1463 1859 adoptiva

429 1858 518 1924 baud
537 1858 731 1924 restrinxerit
747 1859 929 1939 Africanus,
949 1858 1006 1923 sed
1023 1873 1135 1924 eontra
1155 1859 1340 1937 ostenderit,
1359 1859 1465 1923 horni-

429 1967 489 2010 nes
501 1943 659 2030 placuisse
678 1944 738 2008 sibi
758 1945 790 2007 in
810 1945 1010 2009 successione
1024 1946 1161 2010 tiliorum
1178 1959 1243 2009 tarn
1260 1945 1463 2024 naturalium,

430 2051 529 2117 quam
549 2029 714 2116 legalium,
729 2028 819 2115 quasi
843 2029 992 2095 nimirum
1016 2030 1049 2094 in
1070 2031 1133 2095 illis
1155 2030 1262 2095 denuo
1276 2052 1310 2094 se
1325 2030 1465 2095 victuros

430 2115 622 2203 putaverint,
636 2130 734 2202 atque
748 2115 944 2180 immortales
959 2116 1094 2180 futuros.

474 2200 575 2266 Haud
587 2200 605 2297 't'
629 2199 694 2264 itur
710 2199 836 2285 penitas
853 2200 910 2284 (ait
923 2201 1107 2283 Lucretius)
1124 2212 1254 2286 pereunt
1275 2222 1466 2288 quaecunque

560 2307 593 2350 vt
654 2296 717 2365 tur,

479 2370 611 2458 Quando
625 2369 694 2433 alid
707 2394 746 2436 erc
761 2371 821 2436 olio
836 2370 935 2458 rqlcit
948 2371 1192 2436 Natura—i.
1206 2377 1275 2435 263.

433 2458 533 2523 Porro
554 2456 637 2520 inter
656 2478 690 2520 se
710 2459 875 2542 permixtae
894 2473 969 2523 sunt
989 2459 1062 2523 duae
1082 2457 1212 2521 familiae
1228 2455 1467 2521 resuscitatione

432 2544 513 2608 item
528 2541 687 2606 seminum
696 2557 756 2620 ;·et
768 2543 830 2606 hoc
842 2544 915 2607 loco
926 2543 1135 2628 distinguitur
1146 2543 1229 2607 inter
1240 2542 1313 2607 illos
1324 2541 1380 2629 qui
1391 2564 1467 2606 curn

431 2628 553 2707 liberis,
566 2641 665 2714 atque
678 2628 750 2692 illos
788 2629 821 2692 ui
835 2629 902 2693 sine
916 2629 1023 2694 liberis
1038 2628 1102 2693 vita
1116 2628 1334 2692 decessissent.
1380 2629 1467 2692 Tum

432 2736 509 2780 vero
523 2712 604 2778 nibil
618 2651 837 2798 colligendum
854 2737 893 2777 ex
908 2715 1080 2779 omissione
1102 2714 1199 2801 hujus
1215 2712 1367 2778 clausulae
1381 2712 1470 2778 vide·

433 2814 489 2865 tur
507 2799 542 2864 in
566 2798 655 2863 orat.
677 2800 727 2863 De
744 2799 920 2864 Nativitcte
940 2802 980 2864 lt
996 2800 1120 2865 Murice
1140 2822 1159 2864 a
1176 2800 1306 2865 Valesio
1327 2820 1471 2864 comme-

434 2899 572 2963 morata,
587 2884 706 2970 quippe
721 2906 794 2948 cum
811 2885 930 2950 ibidem
946 2887 1164 2951 desiderentur
1179 2885 1288 2951 omnia
1305 2907 1408 2972 usque
1427 2885 1469 2951 ad

434 2992 548 3035 rocem
563 2974 720 3048 κατελθεῖν,
735 2969 814 3034 adl.
833 2986 879 3034 12.

480 3058 516 3121 P.
532 3069 599 3119 118.
614 3054 676 3120 LB.
698 3056 852 3128 &tascium
873 3054 1052 3142 σπερμάτων]
1071 3056 1170 3142 Apud
1185 3057 1409 3145 Nicephorum
1423 3056 1472 3121 le·

461 3140 528 3207 'tur
546 3138 691 3213 ἀναςάσει.
713 3154 809 3228 atque
831 3142 877 3206 ita
897 3142 930 3205 in
951 3140 1064 3207 codice
1086 3143 1188 3241 Regio
1207 3143 1294 3228 prius
1316 3142 1473 3228 scriptum

474 3239 565 3292 erat:
587 3239 794 3311 posteavero
814 3228 1018 3291 emendatum
1040 3240 1089 3292 est
1108 3228 1171 3291 alra
1190 3250 1287 3292 manu
1305 3226 1473 3300 ἁναςάσεσι.

435 3314 561 3377 Verum
576 3311 754 3397 Nicephori
767 3311 865 3377 lectio
878 3311 981 3396 magis
996 3313 1110 3395 placet,
1122 3335 1197 3376 curn
1212 3313 1309 3398 paulo
1325 3325 1399 3376 ante
1413 3335 1476 3398 po-

437 3397 538 3463 situm
553 3396 595 3461 sit
609 3394 774 3469 ἁναςάσεσι.
790 3398 883 3460 Vnt.
907 3398 1040 3462 Praestat
1056 3397 1137 3460 banc
1152 3397 1323 3461 lectionem
1332 3397 1473 3464 Maeotii

437 3505 572 3582 qnoque
587 3482 716 3546 Caleno.
754 3481 878 3547 Contra
891 3481 1025 3554 ἀναςᾶσα
1041 3495 1114 3546 ante
1129 3481 1224 3546 ἀτέκν.
1241 3483 1318 3547 MS.
1335 3482 1428 3570 Norf.

482 3567 568 3633 Ibrd.
582 3567 605 3632 l.
618 3582 648 3645 9.
670 3565 775 3631 ἄλλοτε
789 3567 885 3632 ἄλλων
901 3566 1060 3653 νομίζεῶας]
1080 3571 1162 3633 Haec
1177 3582 1227 3633 est
1240 3568 1397 3654 scriptura
1410 3570 1473 3633 Re·

437 3654 488 3741 gii
509 3653 641 3730 codicis,
664 3675 761 3740 quam
784 3654 989 3739 Nicephorus
1014 3655 1112 3718 etiarn
1135 3655 1313 3718 confirmat.
1359 3655 1475 3720 Nostri

437 3756 548 3805 tamen
570 3739 698 3803 codices
720 3740 813 3803 Med.
836 3741 926 3804 Maz.
949 3739 1031 3803 Fulr.
1055 3739 1208 3824 scriptum
1231 3738 1350 3804 habent
1370 3738 1476 3805 ἄλλοτε
1588 3752 1590 3757 ’

437 3824 546 3899 ἄλλως.
569 3824 782 3900 Vacemus,
824 3824 896 3887 eod.
919 3823 1017 3888 Savil.
1037 3847 1093 3888 seu
1107 3825 1200 3889 Bodl.
1221 3824 1331 3889 addas.
1375 3827 1474 3890 Rece-

438 3910 554 3997 pitque
566 3907 599 3971 in
614 3922 739 3974 textum
754 3932 846 3973 suurn
863 3908 957 3973 eand.
970 3910 1045 3974 lect.
1065 3910 1237 3974 Strothius.
1283 3910 1345 3972 Sed
1366 3908 1476 3991 ἄλλων,

463 3994 531 4060 uod
550 3994 667 4058 rectius
685 3995 817 4059 retinuit
833 3993 992 4072 Valesius,
1010 3994 1141 4059 exhibet
1154 3996 1231 4060 MS.
1244 3994 1383 4081 Norfclc.
1400 3997 1427 4060 si
1440 3996 1478 4061 fi-

438 4016 499 4147 des
518 4076 687 4144 Collationi
712 4080 824 4165 prioris
847 4079 946 4165 partis
970 4079 1106 4144 hu‘usce
1127 4081 1261 4161 codicis,
1278 4105 1351 4169 quae
1373 4083 1406 4147 in
1425 4083 1477 4149 bi·

440 4164 609 4232 bliotheca
621 4164 715 4228 Bodl.
730 4178 881 4243 servatur,
896 4104 1043 4229 habenda
1056 4182 1115 4231 est.

485 4249 572 4315 Ibid.
586 4248 610 4312 l.
625 4265 671 4313 11.
694 4251 828 4334 διηγήσεις
843 4249 939 4338 κυρίως
950 4251 1078 4333 ἀληθεῖς]
1090 4251 1198 4339 Κυςῖως
1210 4275 1274 4316 non
1287 4268 1375 4320 extat
1384 4255 1417 4320 in
1429 4256 1478 4318 ed.

443 4334 516 4409 Vnt.
528 4334 646 4424 ejicere
668 4349 774 4398 tamen
795 4337 878 4400 hanc
894 4358 1002 4400 vocem
1018 4360 1084 4401 non
1099 4360 1194 4402 ausus
1210 4361 1292 4403 sum.
1309 4341 1480 4404 Srno'rn.

441 4422 531 4487 Cum
557 4443 668 4485 vocem
692 4434 822 4485 teneant
844 4435 959 4506 prater
1003 4423 1157 4508 rincipem
1186 4423 1263 4488 edit.
1290 4446 1347 4489 seu
1372 4422 1479 4510 Stcplr.

441 4521 509 4573 tres
532 4506 646 4570 nostri·
659 4508 760 4584 MSti,
779 4506 876 4570 Savil.
898 4506 964 4570 Nor
982 4507 1040 4571 olo.
1063 4508 1267 4610 Macariique
1293 4511 1421 4588 Caleno,
1447 4521 1481 4574 et

441 4592 550 4659 faveat
572 4592 601 4656 ei
624 4590 730 4676 Rufini
751 4615 881 4678 quoque
905 4593 1018 4671 Verrio,
1041 4592 1128 4658 haud
1147 4595 1261 4659 dubrto
1284 4593 1361 4679 quin
1383 4593 1482 4661 invito

442 4677 576 4751 Valesio
591 4699 654 4743 vox
668 4691 757 4743 textu
774 4678 845 4766 ejus
866 4678 1030 4761 exciderit,
1044 4679 1104 4746 etsi
1126 4679 1287 4747 omisisset
1303 4700 1374 4745 eam
1389 4679 1486 4746 Nice·
