4092 5675
631 772 686 841 IN
705 766 927 838 Armcnm
949 766 1206 837 cnuomcu.
1269 845 1271 852 y
1371 767 1434 838 282

404 954 463 1012 tur
478 941 558 1010 MS.
577 940 661 1007 alter
677 941 851 1008 Purisimrs.
892 943 937 1006 Et
959 938 1065 1006 statim
1090 952 1165 1027 post
1187 946 1273 1004 recte
1292 935 1457 1026 nisinen„

406 1051 468 1119 pro
479 1027 622 1108 nisius,
636 1027 723 1092 idem
740 1026 893 1176 Scaliger.
1160 1029 1163 1036 '

448 1115 484 1180 P.
499 1123 570 1178 ldl.
585 1113 607 1178 l.
621 1128 668 1177 12.
690 1115 826 1191 διαπληκτ
837 1113 928 1197 rasio]
942 1110 1084 1197 Scaliger
1095 1109 1192 1176 habet
1204 1108 1438 1191 διαπληκτῖζοπο.

407 1199 475 1266 de'
486 1199 565 1265 MS.
577 1199 681 1264 Puris.
696 1197 787 1264 alter.
803 1198 1051 1277 διαπληκτῆσαντο.
1087 1196 1200 1261 Statim
1213 1211 1290 1295 post
1307 1221 1339 1259 τε
1355 1193 1446 1259 omi*

407 1285 451 1352 sit-
475 1283 640 1372 Syooellus
666 1283 832 1364 Gooriuus,
856 1283 944 1371 quod
969 1284 1114 1370 praebent
1139 1282 1281 1367 Scuirger
1304 1293 1337 1346 et
1360 1278 1439 1345 MS.

407 1381 539 1458 suesque
549 1369 725 1436 Parisinus.
769 1370 821 1434 De
836 1392 869 1434 re
885 1371 954 1456 ipsa
967 1368 1019 1433 adi
1038 1368 1146 1434 Geues.
1160 1367 1233 1431 xxii.
1247 1379 1277 1442 7.
1291 1380 1323 1430 et
1339 1385 1428 1452 seqq.

449 1453 538 1522 lbid.
552 1454 577 1520 l.-
592 1461 639 1520 16.
658 1453 798 1541 Σεὸωιὶμ]
817 1457 869 1519 Ita
888 1455 1031 1519 ediderat
1049 1452 1191 1539 Scaliger
1205 1467 1279 1516 ante
1295 1452 1440 1516 Goarum

408 1559 468 1626 pro
486 1537 610 1625 Σιὸοιὶμ
629 1564 704 1606 cum
724 1566 750 1619 u,
771 1540 875 1607 editos
896 1540 1026 1627 quidem
1048 1540 1154 1603 LXX.
1176 1551 1213 1603 ut
1231 1537 1394 1623 opinabar,
1407 1536 1443 1599 in

412 1626 491 1691 Gerr.
505 1625 569 1690 xiv.
585 1640 616 1690 a.
630 1642 663 1691 et
675 1627 763 1702 alibi,
778 1639 918 1705 secutus,
932 1626 1009 1690 dum
1024 1625 1151 1690 codices
1166 1622 1309 1689 nonnulli
1325 1643 1443 1685 eorun-

408 1709 483 1776 dem
505 1709 730 1798 interpretum,
743 1733 826 1798 quos
840 1726 1072 1776 commemorat
1086 1710 1128 1774 cl.
1144 1709 1342 1784 Holmesius‚
1358 1727 1416 1791 per
1428 1730 1443 1769 ο

409 1817 528 1860 nomen
553 1796 708 1862 scribunt.
763 1798 861 1862 Porro
885 1798 983 1862 habet
1008 1796 1174 1861 Cedrenus
1197 1792 1310 1873 Σεὸόῑν,
1331 1792 1387 1879 qui
1408 1791 1443 1856 in

410 1881 497 1948 Hist.
511 1881 676 1967 Compeud.
691 1881 734 1946 ad
748 1904 779 1967 p.
793 1897 842 1948 28.
856 1883 907 1948 ed.
922 1883 1017 1947 Paris.
1033 1882 1103 1946 haec
1119 1879 1272 1958 Alsieani,
1287 1878 1343 1943 sed
1355 1876 1444 1941 nulla

408 1967 496 2032 fecta
510 1968 648 2032 nominis
662 1968 731 2053 ejus
746 1969 919 2048 mentione,
933 1968 1041 2032 attulit
1054 1991 1073 2031 a
1087 1968 1217 2031 vocibus
1231 1967 1263 2028 δι’
1278 1966 1374 2051 ἀρετὴν
1388 1985 1444 2026 us·

431 2074 472 2116 ue
485 2051 529 2116 ad
544 2052 637 2116 finem
652 2059 698 2128 τῆς
712 2054 822 2134 pissas.
847 2056 1000 2118 Attamen
1016 2053 1158 2117 disertim
1172 2051 1238 2136 legi
1251 2051 1284 2114 in
1300 2048 1450 2135 utrisque.

452 2135 521 2202 sris
531 2135 670 2222 syncelli
680 2139 836 2202 Porisiuz's
848 2137 976 2220 Σιὸωεὶμ
986 2161 1062 2202 curn
1078 2165 1099 2200 u
1114 2158 1198 2200 nunc
1213 2136 1328 2200 certior
1339 2136 1445 2199 factus

410 2243 495 2286 sum.
539 2221 623 2286 Mox
640 2244 716 2287 vero
736 2245 794 2308 pro
810 2246 887 2288 voce
901 2229 1001 2304 Αἰλὰμ
1015 2224 1113 2287 habet
1126 2220 1227 2300 Αἰλῶμ
1242 2218 1396 2304 Scaliger,
1411 2227 1447 2282 et

409 2309 509 2390 Έλὰμ
521 2315 577 2372 τῶν
589 2307 623 2371 ο’.
639 2308 713 2372 edd.
728 2309 899 2396 pleraeque,
914 2308 970 2373 sed
982 2312 1083 2388 Αἰλὰμ
1097 2308 1166 2371 aliae
1180 2306 1253 2369 edd.
1270 2318 1303 2369 et
1315 2303 1447 2390 plurimi

410 2391 539 2503 epdipes
552 2393 663 2479 scripti
676 2394 717 2458 ab
733 2394 903 2460 Holmesio
916 2393 1096 2458 memorati.
1127 2391 1278 2456 cedrenus
1292 2388 1447 2454 mendoso

453 2491 574 2629 liiiio&
588 2562 612 2626 l.
623 2578 653 2627 2.
674 2566 723 2640 τὴν
738 2565 853 2647 ἁλυκὴν]
870 2564 920 2629 Ita
934 2563 1077 2649 Scaliger
1090 2584 1149 2649 pro
1161 2566 1208 2640 τὴν
1222 2559 1321 2639 ciuium
1334 2580 1410 2624 cum
1425 2584 1450 2640 s,

412 2646 504 2734 quod
517 2647 668 2712 exhibent
687 2649 783 2713 Gouri
799 2646 959 2734 Syucellus
973 2663 1007 2713 et
1024 2648 1186 2713 Cedreuus.

454 2731 541 2798 ibid.
573 2733 713 2798 θάλασσα
736 2736 842 2819 νεκρόν]
869 2733 958 2798 Beda
978 2735 1029 2798 De
1050 2733 1140 2797 Lucis
1165 2731 1289 2797 Sanctis
1311 2750 1382 2815 cap.
1401 2728 1447 2796 xi.

412 2816 579 2884 Mortuum
592 2830 696 2884 eutem
709 2842 797 2884 usare
807 2818 997 2905 appellatur,
1010 2819 1093 2907 quod
1105 2817 1187 2884 uiuit
1205 2816 1334 2903 recipiat
1353 2839 1449 2903 geue·

413 2926 484 2968 sum
507 2903 687 2984 uiuentium,
712 2928 809 3002 ueque
832 2906 943 2990 pisces,
968 2928 1066 2993 usque
1088 2916 1224 2969 ororetur
1246 2903 1336 2991 equis
1357 2923 1448 2980 oues;

415 2987 502 3055 turri
515 2988 685 3076 camelique
693 2990 844 3072 fluitant.
858 3012 891 3076 p.
902 3005 972 3055 321.
988 2991 1040 3055 ed.
1056 2990 1172 3054 Smithi
1191 2990 1324 3075 Operum
1338 2987 1448 3052 Bedoe.

415 3073 634 3160 Similiterque
647 3076 813 3161 scripserat
828 3075 868 3139 de
882 3077 946 3140 hoc
960 3076 1034 3140 lacu
1051 3077 1201 3153 Tacitus3
1224 3076 1332 3160 Neqrae
1350 3072 1451 3157 pisces

416 3169 472 3223 urst
484 3171 591 3225 suetos
604 3160 695 3246 equis
707 3160 844 3224 uoluens
854 3161 988 3245 potitur.
1012 3160 1099 3224 Hist.
1114 3184 1143 3223 v.
1160 3166 1190 3223 6.
1211 3192 1214 3199 ·
1234 3158 1360 3223 Ultima
1375 3179 1450 3222 vero

415 3242 515 3309 Beda
539 3246 635 3309 verba
657 3244 797 3309 Pliniana
818 3263 905 3322 sunt,
924 3269 997 3332 quae
1018 3245 1159 3308 afferam.
1202 3244 1285 3306 Mox
1307 3264 1340 3305 se
1364 3243 1453 3306 uitur

417 3328 490 3410 ζώων
503 3355 535 3392 τε
550 3333 608 3415 γὰρ
628 3332 698 3393 οὐδὲν
717 3335 798 3393 ἐκεῖνο
813 3333 845 3392 τὸ
861 3328 928 3428 ὕδωρ
943 3330 1027 3416 piper,
1041 3329 1097 3392 ubi
1113 3328 1177 3407 ζῶον
1192 3348 1250 3412 pro
1266 3327 1339 3408 ζώων
1376 3327 1453 3390 abet

419 3414 584 3492 cedrenus,
598 3429 631 3478 et
643 3436 704 3478 vox
718 3415 787 3501 φέρει
802 3437 878 3480 cum
892 3438 921 3478 vr
936 3413 1125 3499 producendi
1137 3413 1185 3476 vel
1200 3411 1344 3496 pariendi
1358 3409 1451 3475 adhi-

416 3498 523 3579 betur,
545 3501 629 3564 sicut
649 3499 732 3564 infra
751 3500 793 3564 ad
812 3501 868 3564 lin.
887 3513 917 3576 7.
959 3501 1078 3563 Narrat
1099 3512 1205 3563 autem
1228 3496 1452 3561 Maundrellus

417 3583 551 3649 idoneus
565 3596 677 3649 auctor
689 3585 722 3649 in
736 3584 900 3669 itinerario
913 3606 974 3649 suo
988 3584 1029 3648 ad
1042 3606 1118 3671 pag.
1134 3596 1182 3647 84.
1197 3582 1276 3647 visas
1295 3605 1315 3646 a
1329 3604 1365 3647 se
1379 3581 1452 3667 ipso

418 3669 516 3733 fuisse
529 3669 613 3733 inter
626 3670 767 3734 calculos
781 3693 876 3770 super
894 3670 991 3734 maris
1006 3670 1102 3757 hujus
1116 3690 1243 3732 arenam
1258 3666 1337 3732 duas
1351 3679 1454 3731 tresve

418 3753 559 3819 conchas
582 3755 671 3819 testis
698 3757 858 3819 ostreariis
883 3756 1075 3834 consimiles,
1099 3776 1198 3841 quum
1222 3753 1315 3817 undis
1339 3751 1453 3838 ejectus

418 3852 533 3917 essent,
559 3839 591 3903 id
615 3862 656 3904 ue
681 3840 845 3904 intervallo
870 3840 991 3905 itineris
1016 3841 1148 3905 duarum
1173 3839 1323 3903 horamm
1347 3838 1453 3901 abeo

417 3922 503 4004 loco,
518 3946 585 4011 quo
593 3863 754 3990 iordanes
767 3926 850 3991 rivus
864 3926 906 3990 ad
919 3948 1008 3991 mare
1022 3938 1185 3990 mortuum
1200 3924 1342 4000 accedit3
1363 3920 1454 4010 quod

419 4008 550 4095 quidem
571 4032 591 4074 a
615 4032 659 4074 se·
671 4026 960 4076 commemoratum
981 4013 1037 4091 ait,
1051 4024 1087 4075 ut
1109 4032 1148 4074 ne
1162 4010 1222 4073 hac
1236 4009 1285 4073 via
1298 4008 1402 4072 allatae
1418 4006 1453 4073 iu

419 4114 506 4158 mare
520 4094 619 4159 fuisse
634 4095 685 4158 hae
699 4094 832 4161 conchae
846 4096 995 4184 cuiquam
1009 4096 1200 4160 viderentur.
1236 4095 1319 4158 Haec
1333 4095 1455 4159 Maun·

420 4178 551 4256 drellus‚
564 4180 725 4261 dubitans,
739 4203 780 4245 an
797 4202 868 4247 vere
887 4180 1038 4247 traditum
1057 4182 1109 4261 sit,
1126 4180 1213 4244 hisce
1233 4178 1324 4265 aquis
1347 4178 1454 4244 nullos

420 4262 567 4329 innutriri
581 4266 705 4351 pisces3
727 4266 784 4329 sed
797 4288 872 4331 vero
887 4267 930 4332 cl.
944 4267 1099 4332 Volneius
1119 4266 1152 4328 in
1173 4286 1293 4349 nupera
1307 4262 1454 4354 Peregri-¹

420 4350 545 4413 notione
556 4349 686 4436 Syriaco
698 4362 728 4416 et
736 4352 875 4439 AEgypt.
889 4352 952 4416 vol.
965 4354 993 4415 1.
1008 4373 1078 4436 cap.
1090 4365 1139 4414 ao.
1152 4362 1229 4414 sect.
1241 4357 1271 4415 6.
1287 4351 1452 4438 antiquam

421 4432 540 4501 famam
563 4458 670 4499 veram
694 4458 763 4500 esse
789 4437 957 4502 confirmat
964 4460 975 4516 3
997 4435 1149 4522 quodque
1173 4436 1308 4501 nimium
1333 4436 1454 4499 habent

422 4517 494 4583 salis
510 4518 561 4583 hae
576 4543 680 4607 aquae,
694 4542 824 4586 causam
839 4523 883 4587 rei
895 4543 965 4586 esse
978 4534 1081 4607 putat.
1114 4518 1252 4585 Addidit
1265 4519 1364 4596 Beda,
1378 4518 1453 4582 loeo

421 4601 488 4684 illo,
507 4605 652 4694 Denique
669 4606 697 4670 ss'
716 4607 866 4673 Jordoues
887 4617 996 4673 mutus
1017 4603 1163 4671 imbribus
1181 4606 1282 4693 pisces
1304 4602 1381 4667 illus
1403 4601 1455 4666 iu·
