4092 5675
504 752 571 842 ,n
838 745 1202 816 Amornnonrs

549 922 586 988 Ρ.
600 933 668 1001 191.
679 916 704 985 l.
719 931 766 985 13.
786 916 961 1005 muyans,
975 919 1003 983 rt
1015 916 1103 985 τοίνυν
1117 924 1141 984 νί
1154 917 1250 1008 χρόνον
1264 917 1308 983 hl
1322 919 1371 998 oh
1382 926 1432 985 τοῦ
1448 920 1546 1011 Rapio

505 1004 753 1094 συρνυσίννν-ίιη
774 1004 872 1091 ,nal-d.
896 1004 971 1090 ἂν]
994 1004 1167 1071 Africanus
1189 1026 1284 1091 supra
1304 1003 1348 1071 ed
1372 1006 1482 1073 Num.
1503 1028 1542 1076 x.

424 1142 426 1146 >
504 1114 541 1181 p.
557 1090 782 1177 laz-&psham
801 1095 867 1155 isoio
881 1091 1018 1165 meinos
1065 1088 1141 1158 ιλίννν
1159 1091 1466 1173 marcionistis
1481 1096 1541 1157 im.

505 1177 617 1262 ρᾶννιννν
631 1183 679 1242 τοῦ
696 1175 837 1263 Σηρίαν
851 1174 946 1261 Λόγον
958 1180 1007 1255 τὴν
1020 1118 1065 1241 hil
1076 1182 1125 1255 τῆς
1137 1177 1294 1265 μοναρχίας
1312 1185 1367 1242 τῶν
1386 1178 1542 1266 Καισάρων

505 1262 707 1350 κηρυσσνμίνην
716 1262 951 1349 παραδιδόασιν,
968 1262 1087 1347 (Judaei
1100 1284 1140 1327 ex
1153 1262 1293 1331 historiis
1308 1264 1432 1345 sacris.)
1458 1265 1542 1330 Huc¹

505 1348 547 1414 de
563 1347 684 1414 Christi
698 1347 856 1413 natalibus
869 1348 1051 1413 Africanus.
1085 1350 1124 1412 ln
1138 1348 1202 1412 hoc
1215 1361 1325 1414 autem
1338 1347 1442 1414 altero
1455 1347 1542 1430 loeo,

504 1433 562 1500 ubi
619 1433 764 1500 rticulam
778 1434 806 1497 n
819 1455 859 1498 ex
870 1443 1000 1521 atroque
1013 1433 1129 1519 scripto
1141 1432 1286 1498 Parisino
1306 1434 1451 1521 reposui,
1465 1434 1541 1500 scri·

504 1456 647 1585 bendlim
662 1527 733 1586 esse'
746 1519 863 1594 κτίσεως
900 1541 938 1584 ro
951 1519 1112 1593 ἂναςᾶνιννς
1125 1532 1235 1584 censet
1248 1521 1399 1599 Goams3
1421 1519 1482 1586 sed
1495 1520 1542 1586 lo-

503 1607 575 1670 nior
587 1626 625 1669 ac
642 1605 758 1669 certior
775 1626 870 1668 emen
912 1606 958 1669 tio
976 1619 1061 1669 esset
1079 1605 1226 1683 ἄνάςννσνν,
1245 1617 1343 1692 atque
1363 1604 1540 1672 inlocum

503 1704 747 1838 representans
760 1690 960 1776 Scaligerum
975 1703 1051 1775 post
1063 1690 1128 1754 vidi
1141 1691 1175 1753 in
1187 1688 1407 1755 Animadrms.
1421 1689 1457 1756 in
1472 1689 1540 1756 Ea·

504 1798 537 1842 se
556 1774 580 1840 ii
597 1775 709 1841 Giton.
724 1775 765 1840 ad
801 1796 853 1860 ag.
870 1788 938 1839 131.
957 1776 1018 1839 etsi
1038 1776 1199 1851 νἰναςάσεννς
1217 1776 1379 1862 posuisset
1391 1776 1426 1840 in
1438 1777 1541 1842 Ense·

506 1859 606 1925 bianis
629 1862 705 1925 suis.
792 1860 978 1925 ontinnatur
1002 1882 1133 1949 quoque
1158 1861 1229 1927 haec
1254 1860 1415 1947 scriptura
1437 1884 1480 1928 ex
1501 1883 1540 1928 eo
1578 1910 1582 1916 -

527 1944 594 2012 uod
618 1946 660 2010 ad
685 1952 762 2033 ῥῆσιν
787 1946 895 2010 statim
922 1959 998 2031 post
1021 1961 1205 2012 secunnam
1233 1945 1333 2012 habes
1359 1946 1540 2034 Georgium

503 1968 692 2118 iyncellum
707 2031 747 2095 de
760 2031 915 2096 Africano
936 2032 982 2096 ita
994 2030 1202 2119 loquentem:
1227 2034 1265 2095 ‘0
1279 2032 1330 2113 pio
1343 2030 1389 2096 οὖν
1402 2034 1540 2121 'Apposu-

503 2117 546 2191 νὸς
559 2116 709 2199 superinos
721 2121 755 2203 τῇ
768 2120 920 2204 &orsmari
939 2117 1096 2205 παραδόσει
1113 2124 1154 2204 τῷ
1172 2115 1232 2205 ρρ’.
1247 2116 1298 2181 ira
1312 2120 1361 2196 τὴν
1373 2118 1455 2182 θείαν
1466 2143 1539 2207 χρυ·

502 2202 658 2287 ramim
679 2201 831 2289 σᾶςκννννν,
854 2204 922 2288 περί
943 2205 975 2267 ri
995 2204 1094 2279 πάθος
1114 2204 1162 2267 καὶ
1181 2206 1230 2280 τὴν
1251 2204 1385 2290 σωτήριον
1407 2205 1540 2278 &sairam

503 2288 579 2352 δυσίν
593 2286 665 2352 ireos
681 2288 836 2375 διήμαρτεν,
852 2292 927 2353 κατὰ
941 2289 973 2351 τὸ
988 2288 1088 2375 ‘aptast
1104 2288 1162 2365 ἔτος
1175 2294 1212 2351 τέ
1228 2286 1323 2371 κίσμε
1336 2288 1442 2365 ταύτην
1455 2314 1539 2355 cusab

502 2373 614 2460 γάγυν.
658 2372 705 2439 At
727 2396 768 2438 ue
781 2387 913 2461 propter
927 2374 998 2440 haec
1012 2374 1086 2439 loca
1099 2373 1145 2439 nil
1164 2374 1254 2439 dubii
1275 2396 1443 2460 superesse
1456 2375 1540 2442 vide·

502 2474 568 2538 tur,
580 2459 658 2546 quin
671 2396 855 2539 Adrioanus,
868 2460 953 2525 sicut
966 2460 1062 2525 multi
1083 2460 1138 2524 alii
1150 2473 1272 2525 veteres
1285 2460 1472 2547 scriptores,
1486 2483 1539 2527 na·

502 2556 575 2611 tum
591 2544 759 2610 Christum
778 2568 818 2610 ex
837 2547 875 2610 Β.
891 2546 1029 2632 Virgine
1047 2546 1146 2611 fuisse
1163 2545 1313 2611 statuerit
1325 2566 1412 2611 auno
1431 2547 1540 2613 muudi

501 2645 593 2709 5500,
606 2643 640 2695 et
653 2653 783 2717 passum
796 2653 866 2696 esse
880 2644 1015 2697 exeunte
1028 2652 1114 2696 enno
1127 2645 1217 2696 5531.
1263 2632 1375 2710 Porro,
1390 2632 1539 2719 quoniam

502 2715 557 2781 hic
577 2715 809 2803 chronologus,
825 2730 863 2782 ut
882 2739 921 2783 ex
936 2717 1039 2782 verbis
1058 2717 1127 2805 ejus
1148 2716 1314 2803 colligitur
1332 2716 1366 2782 in
1386 2718 1463 2806 ρίσι
1482 2718 1541 2784 hae

504 2824 540 2869 ι..
559 2799 602 2867 ad
622 2823 722 2888 pagg.
740 2813 806 2877 187·
828 2815 862 2867 et
883 2816 950 2868 les.
968 2815 1002 2868 et
1024 2806 1092 2882 190.
1114 2824 1226 2868 secum
1249 2802 1383 2869 invicem
1404 2803 1540 2884 colum,

487 2897 641 2955 mortem
657 2888 987 2976 resurrectionemque
1001 2888 1128 2954 Christi
1144 2888 1185 2954 ad
1202 2910 1277 2954 ann.
1298 2889 1482 2956 secundum
1495 2891 1540 2958 0·

499 2976 604 3063 lymp.
617 2986 686 3037 202.
701 2973 861 3123 apposuit,
877 2972 966 3060 quod
987 2974 1118 3061 quidem
1137 2975 1306 3039 confirmat
1320 2975 1413 3040 Geor
1438 2976 1491 3042 'us
1509 2975 1540 3041 iu

500 3062 575 3126 loco
596 3057 697 3123 modo
717 3081 737 3122 a
760 3059 871 3136 ducto,
885 3059 1056 3124 ostendens
1078 3060 1131 3124 hic
1148 3081 1244 3144 agere
1262 3059 1303 3124 de
1321 3081 1408 3125 anno
1458 3063 1540 3127 omi·

499 3147 581 3212 nicae
596 3144 711 3209 mortis
721 3143 923 3225 Africanum,
937 3167 1136 3233 consequens
1147 3158 1207 3224 est,
1218 3145 1461 3232 chronologum
1473 3146 1540 3212 col·

499 3231 625 3298 locasse
647 3230 899 3296 incarnationem
924 3232 1062 3296 Domini
1086 3253 1170 3296 anno
1193 3231 1291 3295 tertio
1313 3229 1451 3319 Olymp.
1475 3244 1539 3312 194.

500 3320 592 3384 annis
606 3328 680 3382 ante
693 3330 834 3382 mortem
848 3319 918 3403 ejus
933 3317 1067 3403 triginta
1080 3331 1114 3382 et
1127 3339 1205 3382 uno.
1248 3315 1475 3383 Nihilominus
1494 3330 1540 3382 ta·

501 3427 576 3471 men
591 3403 758 3471 fatendum
779 3403 841 3467 hoc
857 3415 917 3482 est,
932 3403 959 3467 si
979 3402 1080 3468 modo
1095 3423 1201 3467 veram
1218 3402 1410 3466 sententiam
1425 3403 1539 3468 verbo·

500 3513 574 3556 rum
589 3488 659 3576 ejus
675 3501 827 3573 praestent
841 3488 895 3552 alii
909 3500 1030 3553 veteres
1044 3489 1224 3574 scriptores,
1234 3486 1333 3552 videri
1346 3487 1539 3554 Africanum

499 3577 533 3642 in
547 3577 637 3641 annis
653 3574 886 3660 Olympiadicis
907 3573 948 3637 ad
970 3574 1082 3637 mundi
1104 3596 1204 3638 annos
1220 3573 1540 3639 accommodandus

501 3662 674 3746 semetipso
694 3659 895 3745 aliquantum
917 3658 1115 3725 dissensisse.
1147 3659 1232 3723 Vide
1246 3656 1389 3745 Syncelli
1405 3659 1539 3724 Chrono-

542 3747 614 3834 opt.
636 3745 677 3808 ad
698 3766 775 3831 pag.
789 3758 859 3809 212.
880 3758 914 3809 et
934 3746 1038 3810 Num.
1052 3745 1197 3809 Africani
1214 3763 1353 3809 xxxix.
1375 3756 1410 3808 et
1432 3765 1538 3811 xm.

498 3769 604 3898 liobe
629 3830 708 3910 scio,
733 3830 843 3895 omnia
866 3831 932 3895 fere
955 3830 1026 3895 haec
1049 3832 1122 3896 loca
1143 3830 1227 3894 varie
1249 3828 1436 3916 exposuisse
1457 3830 1539 3896 viros

499 3918 717 3984 doctissimos.
762 3916 847 3981 Cum
868 3918 990 3981 interea
1010 3917 1089 4002 ipsae
1109 3937 1241 4016 quoque
1260 3916 1540 4001 interpretationes

499 4026 613 4070 eorum
624 4003 815 4068 Africanum
826 4002 925 4067 modo
939 4002 1000 4068 hac
1011 4003 1111 4067 modo
1123 4002 1180 4066 rlla
1192 3999 1403 4086 computandi
1417 4001 1540 4066 ratione

500 4111 596 4153 usum
616 4111 686 4153 esse
708 4089 842 4176 fingant,
863 4087 944 4153 nihil
963 4089 1111 4174 profecto
1131 4087 1206 4153 inde
1226 4085 1452 4173 praejudicium
1475 4086 1540 4151 fieri

499 4173 618 4238 debere
632 4188 744 4259 putem
759 4173 829 4238 aliis
843 4173 936 4239 claris
951 4196 989 4238 ac
1004 4173 1132 4240 disertis
1149 4173 1239 4251 locis,
1257 4172 1376 4258 quibus
1394 4171 1540 4236 incarna-

499 4260 623 4326 tionem
642 4273 845 4347 mortemque
865 4258 988 4324 Christi
1008 4259 1104 4325 certis
1122 4259 1214 4324 annis
1230 4256 1345 4321 mundi
1367 4256 1539 4358 Olympia·

499 4346 646 4432 dumque
657 4342 727 4428 ipse
739 4367 868 4431 quoque
882 4345 1039 4425 attribuit,
1051 4345 1178 4411 etiamsi
1190 4345 1224 4411 in
1238 4341 1539 4409 accommodatione

426 4495 428 4499 ,
499 4452 657 4499 annorum
674 4428 714 4494 ad
727 4448 828 4494 annos
840 4452 944 4496 errare
957 4431 1108 4516 potuerit.

543 4516 607 4582 Sed
621 4529 659 4581 ut
672 4513 713 4579 ad
726 4515 871 4580 Africani
884 4517 980 4581 verba
995 4516 1136 4596 redeam,
1148 4516 1191 4582 ἐπί
1205 4518 1255 4594 oola
1267 4521 1316 4579 τοῦ
1331 4512 1437 4600 Κυρίου
1448 4538 1472 4575 π
1509 4536 1540 4575 s·

497 4602 564 4668 σίαν
583 4604 631 4666 καί
651 4604 699 4680 τὴν
718 4600 864 4681 aeno,
878 4603 912 4668 in
931 4603 1048 4702 quibus
1067 4601 1277 4690 con‘ungitur
1293 4598 1417 4665 Christi
1436 4539 1539 4665 Diis.

498 4687 654 4757 adventus
675 4686 901 4756 resurrectioni
922 4711 1005 4779 ejus,
1017 4689 1106 4758 idem
1125 4626 1229 4757 habet
1246 4689 1391 4757 Josnnes
1409 4703 1541 4776 quoque
