4092 5675
639 767 693 835 m
713 766 935 840 atsrcnnr
958 766 1212 853 onnomon.
1377 787 1455 870 sos,

408 937 508 1004 verbo
528 936 594 1004 σπεί
655 936 837 1024 Sportorum
859 960 975 1002 nomen
997 937 1127 1002 habent.
1173 935 1353 1024 Stephanus
1374 940 1442 1027 By·

409 1036 498 1089 sant.
515 1023 566 1089 De
609 1023 734 1088 rbitris:
760 1023 887 1109 Σπάρτη·
910 1026 1069 1088 Λακωνικὸν
1088 1022 1204 1109 χοιρίον,
1226 1023 1280 1088 oiri
1296 1032 1350 1088 τῶν
1368 1028 1444 1106 μετὰ

407 1109 529 1190 Κάδμου
544 1113 683 1196 σπαρτῶν·
700 1110 767 1195 περὶ
782 1106 817 1171 ὧν
831 1109 996 1195 Τιμαγόρας
1011 1110 1101 1190 φησίν,
1113 1108 1302 1185 Ἐκπεσίντας
1315 1111 1342 1175 ii
1357 1108 1443 1184 αιίτιίς

406 1197 445 1344 ἷξε
460 1198 511 1344 nl}
522 1199 695 1274 Λακωνικὴν,
708 1194 841 1279 Σπάρτην
860 1195 907 1277 ἄρ’
926 1199 1028 1259 ἑαυτῶν
1049 1194 1191 1277 ὀνομάσας.
1213 1216 1289 1283 pag.
1304 1202 1374 1260 615.
1389 1192 1444 1261 ed.

434 1300 489 1344 rne
515 1325 524 1344 .

434 1359 613 1432 .Ῥ.163.1.
629 1380 656 1431 1.
678 1359 763 1428 ultan
784 1364 961 1450 Ἡράκλειοι]
979 1366 1071 1430 Dum
1090 1364 1175 1451 apud
1197 1362 1320 1429 editum
1340 1366 1443 1430 Euse-

406 1445 507 1522 bium
516 1462 592 1535 post
602 1470 695 1514 voces
709 1454 747 1514 rol
759 1476 793 1513 πε
810 1448 915 1513 tumr
927 1465 1031 1516 exstat
1044 1450 1131 1516 istud
1142 1450 1182 1527 de
1194 1450 1348 1530 Hercule,
1358 1450 1445 1515 idem

407 1531 478 1598 huc
493 1535 652 1613 transtuli,
660 1549 730 1619 tem
757 1558 820 1600 ons
841 1536 1017 1600 rationibus
1032 1536 1213 1616 consulens,
1228 1547 1263 1600 et
1277 1534 1337 1599 fide
1353 1536 1446 1600 nixus

408 1609 542 1694 Euselii
554 1620 648 1685 MSti
662 1643 700 1685 ac
738 1619 865 1707 yncelli.
1127 1650 1134 1666 ¹

453 1705 540 1775 lbid.
554 1703 576 1768 l.
588 1719 620 1770 3.
642 1707 855 1791 Ὀλυμπιάδες]
874 1704 1022 1770 Conferri
1042 1718 1204 1772 merentur
1217 1728 1266 1786 ea,
1282 1728 1354 1793 quae
1375 1705 1446 1794 ipse

433 1810 542 1876 uoque
563 1790 721 1856 Eusebius
735 1793 845 1855 scribit
858 1792 915 1856 lib.
929 1815 959 1857 x.
976 1794 1083 1877 Proep.
1100 1815 1168 1857 suae
1184 1795 1276 1858 Ευοιι
1302 1839 1310 1855 .
1325 1814 1396 1891 cap.
1411 1809 1444 1871 9.

408 1811 453 1940 3ο
467 1888 563 1940 retate
578 1875 683 1940 Mosis
697 1876 747 1940 vel
767 1877 994 1963 antiquissimis
1010 1877 1183 1943 Graiorum
1197 1815 1314 1944 fabuis
1328 1900 1446 1987 priore,

408 1982 511 2048 quem
528 1973 637 2025 tamen
653 1960 791 2047 Cecropi
809 1976 935 2028 tantum
956 1962 1114 2049 aqualem
1136 1964 1249 2029 statuit
1261 1989 1397 2049 ι-ευροις
1413 1961 1448 2027 οἷν

407 2048 480 2132 staini
487 2047 541 2129 pls
551 2043 697 2133 Ἐὅραίους
710 2041 921 2126 Μαισίαζκατοὶ
931 2048 958 2111 δὲ
969 2047 1112 2126 Ἕλληνας
1127 2049 1261 2135 Κίκροπα
1272 2050 1318 2112 τὸν
1330 2053 1446 2133 γηγενῆ.

407 2131 558 2220 κατοίσερα
570 2131 597 2195 δὲ
612 2140 666 2196 τῶν
679 2130 820 2219 Κέκροπος
835 2131 961 2218 ίςορεῖταρ
972 2134 1079 2218 χρόνων
1092 2138 1130 2195 τοὶ
1143 2138 1216 2221 παρ’
1231 2133 1356 2209 Ἕλλησι
1372 2139 1446 2197 Sao·

407 2215 565 2300 μάζιίμννα·
586 2216 693 2302 γίνετου
706 2221 763 2303 γὰρ
778 2222 852 2299 μετὰ
873 2216 1008 2303 Κέκροπα
1030 2222 1043 2281 i
1064 2221 1140 2280 κατὰ
1154 2223 1336 2283 Δευκαλιῶνα
1353 2243 1447 2282 κατα·

408 2304 550 2385 almis,
565 2301 611 2381 καὶ
632 2308 648 2379 ἡ
667 2302 710 2365 ἐπί
733 2301 889 2376 Φαέθοντος
912 2302 1073 2389 ἐκπύρωσις,
1090 2302 1268 2412 Ἐριχθονίου
1282 2330 1313 2366 τε
1327 2301 1447 2387 γένεσις,

408 2387 516 2474 Κίρους
536 2412 568 2450 τι
589 2390 715 2475 ἁρπαγῇ,
739 2388 786 2450 καί
809 2388 951 2473 Δήμητρος
978 2389 1109 2472 μυςῆρια,
1143 2388 1310 2476 Εᾈευσινίοον
1330 2388 1457 2472 ίδρυσις,

408 2472 583 2561 Τρνπίυλίμυ
597 2473 735 2560 γεωργία,
751 2472 881 2558 Εὐρώπης
896 2474 945 2535 ὑπὸ
960 2477 1026 2549 Διὸς
1040 2477 1165 2559 ἁρπαγὴ,
1178 2476 1354 2547 Ἀπολλῶνος
1367 2473 1447 2557 γίνε-

409 2583 468 2637 σις,
482 2558 601 2641 Κάδμου
616 2562 658 2622 ἐπὶ
673 2555 771 2634 Θῆὅας
789 2558 943 2641 παρουσία·
955 2633 957 2638 Ι
967 2559 1015 2622 καί
1032 2558 1070 2622 ἔτι
1086 2560 1187 2623 τούτων
1200 2560 1331 2647 νεοίιτιροι,
1345 2558 1446 2624 Διίνυ·

409 2668 474 2722 σος,
487 2642 595 2723 Μίνως,
610 2644 746 2793 Πὲρσεὺς,
761 2644 942 2720 Ἀσκληπιὸς,
956 2644 1119 2730 Διόσκοροι,
1132 2646 1288 2730 Ἡρακλῆς.
1314 2642 1406 2708 πίτυν
1425 2645 1447 2709 δ’

410 2727 541 2794 &cium
562 2755 638 2812 προσ
657 2729 746 2815 ίιερος
765 2726 887 2814 γεγονυίς
909 2729 1054 2809 συνίςαταρ
1071 2735 1189 2809 Minois,
1202 2733 1238 2805 ὥς
1251 2728 1285 2794 alr
1299 2734 1375 2795 κατὰ
1388 2728 1448 2794 Κί-

412 2839 505 2905 agna
517 2817 566 2894 τὴν
579 2814 687 2893 ἡλικίαν
700 2814 846 2896 ἀκμάσας.
860 2837 893 2901 p.
906 2826 977 2880 484.
992 2815 1045 2880 ed.
1060 2814 1183 2902 Vigeri.
1228 2815 1351 2880 Similia
1367 2838 1461 2903 prae·‚

411 2900 554 2967 buerunt
571 2899 725 2964 Tatianus
748 2912 782 2963 et
804 2900 954 2966 Clemens
968 2902 1075 2981 Alex,
1091 2901 1148 2988 qui
1165 2915 1240 2966 ante
1260 2902 1449 2967 Africanum

409 2986 609 3072 scripserunt
629 2986 670 3051 ab
691 2985 833 3050 Eusebio
847 2985 880 3049 in
896 3008 988 3073 capp.
1006 3000 1053 3050 11.
1067 2998 1101 3051 et
1119 3000 1166 3052 12.
1183 2985 1287 3074 ejusd.
1302 2987 1376 3051 libri
1390 2986 1461 3069 adq.

409 3068 514 3137 ducti.
552 3069 673 3134 Confer
688 3071 741 3135 lin.
757 3073 859 3136 Num.
877 3092 986 3138 xxlv.
1419 3112 1422 3121 ι
1453 3144 1456 3155 ,

453 3155 541 3221 Ibid.
564 3154 637 3234 ἔδοξε
655 3153 683 3219 δέ
701 3157 761 3241 μοι]
788 3159 816 3234 δὴ
840 3178 898 3242 ριο
920 3158 947 3218 δὲ
970 3157 1099 3221 Enselii
1120 3152 1198 3222 MS.
1220 3170 1254 3223 et
1274 3155 1461 3244 Syncellus.

489 3240 542 3342 gis
557 3255 719 3326 spectatur
732 3254 863 3327 tempus
877 3247 917 3327 τῷ
932 3242 1037 3306 Mosis
1053 3243 1187 3328 aequale.

428 3262 540 3404 filici
554 3327 577 3390 l.
593 3339 639 3390 14.
661 3326 702 3390 iri
717 3353 747 3390 πε
759 3325 939 3408 Ἀθηναίους]
950 3327 1078 3391 Mavult
1093 3327 1230 3412 Vigerus
1243 3324 1294 3399 τίίς
1307 3352 1339 3389 τε
1352 3328 1399 3390 Ἀ.
1415 3339 1450 3394 et

412 3412 540 3479 Goarus
550 3411 591 3476 ad
600 3411 736 3498 Syncell.
747 3411 804 3475 ubi
814 3411 931 3497 legitur
940 3409 984 3474 ίτε
992 3413 1161 3477 ’A.censet
1171 3410 1374 3475 scribendum
1384 3409 1462 3494 ὥςι..
1526 3470 1529 3477 .

463 3521 484 3563 o
496 3497 609 3598 potius
624 3497 663 3561 ἔτι
678 3525 721 3576 τε,
737 3520 810 3584 quae
827 3495 958 3585 quidem
973 3496 1095 3562 voculae
1105 3496 1228 3584 junctae
1243 3511 1426 3562 occurrunt.
1452 3550 1455 3557 .
1515 3540 1518 3545 -

430 3574 434 3587 ¹
473 3582 646 3649 brd.l.16.
669 3586 696 3646 ἐν
716 3590 756 3671 τῷ
777 3584 937 3682 Τρικαρήνορ
954 3581 1131 3667 Θεόπομπος]
1149 3585 1248 3648 Hunc
1260 3580 1447 3681 Theopom-

412 3689 503 3756 pum,
525 3668 581 3755 qui
604 3668 717 3733 veteris
738 3668 906 3732 comoedrae
926 3683 1024 3754 poeta
1044 3668 1118 3748 fuit,
1140 3666 1316 3732 comoedias
1339 3667 1451 3753 vrginti

412 3750 553 3843 quatuor
573 3753 736 3839 scripsisse
757 3754 803 3817 ait
823 3753 948 3832 suidas,
965 3776 1099 3840 quarum
1116 3754 1227 3818 titulos
1249 3773 1289 3816 ex
1308 3752 1450 3817 auctori·

412 3838 473 3905 bus
493 3838 653 3904 recensuit
670 3840 809 3904 Joannes
830 3839 1008 3917 Meursius‚
1026 3838 1250 3902 Commentario
1270 3837 1303 3901 in
1317 3835 1460 3921 Apollo-'

412 3924 500 3991 nisam
514 3921 644 4011 θρονοί.
657 3938 754 4010 p.98.
768 3938 802 3989 et
816 3945 907 4011 seqq.
944 3923 1030 3988 Cum
1054 3946 1127 3988 vero
1149 3923 1269 3987 nullam
1291 3922 1450 3988 Tricoreni

414 4009 611 4077 mentionem
631 4010 658 4073 is
677 4009 800 4089 fecerit,
814 4031 889 4074 ecce
911 4008 971 4074 tibi
992 4009 1087 4073 aliam
1109 4022 1262 4096 praeterea
1276 4007 1450 4075 fabulama

413 4090 630 4182 Theopompo
644 4094 806 4180 scriptam.

431 4182 494 4253 .l’.
517 4186 584 4256 164.
609 4179 633 4245 l.
654 4194 686 4243 2.
717 4177 747 4258 ἦν
769 4181 934 4264 Προμηθεὺς
960 4178 1035 4264 &C.]
1063 4177 1185 4242 Confer
1207 4179 1310 4244 Num.
1338 4178 1449 4246 x'xlv.

417 4264 449 4341 8,.
461 4262 684 4352 Hieronymus
705 4265 737 4328 in
755 4265 885 4329 Eusebii
906 4263 1017 4328 Cliton.
1035 4264 1105 4327 haec
1119 4263 1263 4328 Africani
1278 4265 1322 4328 ita
1335 4266 1449 4331 vertiti

419 4348 478 4415 His
493 4349 679 4435 temporibus
690 4349 853 4413 secundnm
865 4350 1057 4436 quorundam
1072 4348 1241 4433 opinionem
1252 4350 1451 4414 Prometheus

409 4430 491 4519 filit,
504 4459 525 4501 o
539 4457 599 4523 qno
614 4433 749 4501 nomines
758 4433 870 4520 factos
885 4445 1142 4499 commemorant:
1165 4445 1195 4499 et
1209 4457 1243 4499 re
1256 4458 1339 4512 vero,
1355 4456 1450 4520 quum

419 4520 539 4607 sepiem
557 4532 647 4600 esset,
660 4519 829 4606 feritatem
851 4543 964 4599 eornm,
982 4531 1011 4583 et
1034 4519 1163 4585 nimiam
1187 4519 1387 4604 imperitiam,
1410 4519 1452 4585 od
1464 4571 1467 4578 .

422 4603 642 4671 inmanitatem
662 4616 694 4671 et
715 4603 875 4670 scientiam
897 4603 1156 4694 tranfiguratum.
1174 4604 1217 4670 ad
1237 4627 1290 4671 an.
1309 4604 1459 4673 Abrahae.

424 4708 601 4759 cccxxxi.
