4092 5675
589 761 652 829 232
706 795 709 802 .
925 736 1288 806 ANNOTATIONffl

484 931 486 936 ·
586 911 701 978 fuisset
723 932 761 976 ac
779 910 968 990 consultius,
982 911 1067 975 banc
1081 912 1324 996 evangeliorum·
1337 908 1580 994 dissonantiam·-
1591 913 1634 979 si-

587 999 690 1064 lentio
704 997 872 1076 involvere,
886 1020 927 1062 ne
940 997 1115 1062 lectoribus
1135 1020 1155 1060 a
1175 997 1237 1061 fide
1257 1011 1366 1062 nostra
1381 995 1504 1077 alienis,
1519 998 1632 1087 cujus:—

586 1083 679 1148 modi
700 1098 777 1150 tunc
799 1084 953 1169 temporis¹
973 1098 1064 1150 erant
1085 1084 1324 1172 quamplurimi,
1348 1082 1476 1147 occasio
1503 1083 1631 1156 submit

587 1170 776 1234 nistraretur
792 1168 832 1233 de
845 1170 1082 1255 evangeliorum
1099 1169 1229 1233 veritate
1243 1168 1422 1238 dubitandi.
1456 1168 1631 1246 Certe-he·

586 1256 691 1321 lianus
705 1256 759 1319 Au
783 1261 876 1320 'ustus
892 1257 924 1319 in
938 1256 1022 1320 libro
1037 1261 1149 1319 contra
1165 1254 1477 1335 Christianos,·lranc
1491 1275 1631 1343 evarrge·

585 1342 734 1406 listarum
757 1277 985 1406 dissentionem
1009 1340 1103 1405 nobis
1124 1341 1248 1421 ob'icit,
1263 1354 1343 1406 teste
1366 1341 1576 1429 Hieronymo
1595 1343 1630 1408 in

587 1427 837 1492 Commentariis
859 1428 891 1491 in
914 1427 1123 1492 Matthaeum.
1163 1365 1275 1492 lacus
1292 1425 1413 1492 Juliani
1432 1439 1522 1492 extat
1541 1427 1630 1516 apud

587 1512 748 1613 cyrillum
768 1513 801 1577 in
819 1513 902 1578 libro
917 1528 1031 1578 octavo
1046 1508 1159 1578 contra
1172 1513 1350 1578 Julianum.
1377 1512 1533 1580 'Auctor'
1563 1531 1628 1578 nae·

585 1607 729 1666 erronum
749 1599 863 1663 veteris
878 1614 912 1663 et
928 1599 999 1663 novi
1014 1599 1212 1664 Testamenti
1226 1621 1298 1685 cap.
1314 1604 1364 1663 56.
1379 1597 1421 1662 de
1441 1598 1504 1663 hac
1521 1600 1629 1674 doro:-

585 1684 696 1751 nantia
717 1686 865 1772 loquens,
887 1685 1032 1749 Africani
1054 1684 1239 1770 opinionem
1260 1684 1433 1770 improbat.
1479 1684 1544 1750 Sed
1560 1686 1629 1772 ips'e

585 1770 682 1835 aliam
698 1772 789 1835 affert
802 1772 907 1835 minus
923 1770 1133 1870 probabilem.
1155 1772 1365 1836 Venusina.
1390 1772 1435 1834 -ln
1451 1770 1528 1836 MS.
1545 1793 1634 1858 quo·¹

582 1878 650 1944 que
674 1855 814 1942 Norfolc.
841 1856 989 1921 scribitur
1014 1862 1037 1920 εἰ
1061 1857 1108 1920 καὶ
1131 1856 1299 1944 ipsimae.
1341 1855 1405 1920 Sed
1427 1855 1649 1938 boemicae,

582 1964 682 2028 supra
696 1942 826 2029 quidem
841 1942 963 2007 dixerat
977 1942 1162 2020 Africanus,
1174 1941 1491 2017 hanonarrationenr,
1502 1945 1629 2014 ria-rire.-

582 2028 814 2107 solatiandum,
830 2027 913 2092 liorad
923 2027 1105 2114 probatione
1118 2027 1301 2093 destitutam
1315 2050 1385 2092 esse
1400 2051 1434 2115 p.
1452 2043 1518 2094 120.
1535 2029 1560 2100 l.
1578 2043 1627 2108 17¹.

581 2113 649 2178 hoc
674 2128 782 2178 autem
807 2112 882 2178 loco
909 2114 1082 2180 confitetur
1107 2113 1242 2178 eandem
1273 2136 1343 2179 esse
1371 2118 1410 2196 μὴ
1439 2114 1628 2204 ἐμμάςωρου,

583 2199 702 2265 arellius
721 2199 879 2285 scriptoris
903 2199 1076 2264 testimonio
1099 2198 1324 2284 corfirmatarn,
1337 2213 1395 2264 aut
1411 2199 1541 2281 saltem,¹
1557 2199 1628 2276 aad·

585 2285 647 2350 lias
660 2289 747 2351 testis
761 2286 947 2351 auctoritate
957 2285 1249 2436 primitrasdsaltam,
1262 2286 1400 2372 demjas
1410 2285 1533 2352 nomine
1544 2309 1630 2366 narra

582 2383 728 2451 canstat5
749 2395 788 2436 ne
813 2395 853 2436 ue
870 2395 943 2437 vero
962 2374 1025 2437 hoc
1040 2372 1096 2459 qui
1120 2394 1172 2436 em
1187 2371 1348 2458 prohibet,
1364 2371 1442 2458 quin
1457 2386 1629 2442 emman

583 2458 757 2524 Africanus
808 2459 998 2545 egesippum
1014 2457 1228 2545 exscripsisse,
1243 2458 1319 2537 aive,
1336 2457 1438 2545 hujus¹
1450 2457 1628 2542 rei-aucto

582 2566 654 2608 rem
673 2544 835 2623 habuisse,
850 2545 942 2631 cujus
963 2544 1094 2630 quidem
1114 2545 1330 2609 narrationem
1349 2543 1390 2607 de
1404 2544 1531 2610 Jacobo
1551 2545 1627 2613 Da

582 2630 664 2695 mini
679 2630 776 2694 fratre
792 2653 866 2693 curn
882 2630 993 2730 paucis
1031 2629 1202 2694 uibusdam
1218 2630 1314 2695 rebus
1329 2652 1348 2693 a
1371 2630 1417 2694 ud
1432 2629 1628 2720 Afrieanum

580 2716 637 2797 hic
655 2728 914 2780 commemoratis
933 2653 1134 2801 Epiplranius
1152 2715 1187 2779 in
1208 2716 1333 2780 Hoeres.
1348 2651 1444 2780 lxviii.
1467 2737 1558 2782 num.
1577 2732 1626 2783 1³.

582 2800 681 2866 simul
704 2802 825 2888 positas
851 2813 948 2887 atque
975 2801 1164 2890 conjunctas
1187 2802 1343 2868 exhibuit.
1381 2801 1505 2868 Confer
1527 2825 1569 2869 su

581 2899 676 2952 notas
691 2888 734 2952 ad
748 2909 802 2974 pp.
817 2901 886 2951 225.
903 2900 937 2951 et
950 2899 1018 2963 227.
1054 2889 1165 2975 Atque
1182 2888 1322 2974 amplexi
1342 2901 1418 2954 sunt
1437 2888 1522 2955 hanc
1568 2900 1572 2909 '

581 2973 655 3037 cani
676 2973 870 3038 solutionem
889 2987 1010 3038 veteres
1030 2973 1175 3060 plerique
1196 2997 1321 3053 omnes,
1334 2987 1369 3039 et
1385 2997 1425 3038 ex
1438 2975 1627 3043 recentiori·-

514 3093 516 3097 ·
582 3061 646 3126 bus
666 3059 812 3144 nonnulli
830 3058 917 3123 haud
931 3060 1033 3125 infimi
1049 3060 1191 3145 subsellii
1205 3060 1333 3125 eruditi.
1378 3062 1451 3127 Imo
1466 3061 1629 3165 receptioe

583 3158 618 3210 et
631 3146 835 3210 communior
849 3146 1005 3210 sententia
1019 3147 1089 3233 ipsa
1101 3146 1180 3210 olim
1193 3145 1266 3226 fuit,
1278 3159 1316 3212 ut
1328 3168 1369 3211 ex
1382 3147 1542 3213 veteribus
1559 3147 1628 3234 cau

582 3231 679 3311 terris,
689 3232 825 3313 Glossis,
837 3232 1040 3318 Scholiisque
1054 3244 1197 3311 constat3
1213 3245 1246 3296 et
1260 3254 1357 3318 porro
1371 3254 1510 3319 magnus
1521 3232 1628 3301 'etiam

585 3318 810 3400 CasaubonuS,
824 3319 887 3383 etsi
907 3319 939 3383 in
959 3317 1116 3383 Exercitt.
1135 3317 1335 3401 Boronioais,
1355 3319 1627 3406 Desposy'norufn

583 3405 799 3470 narrationem
823 3405 864 3470 de
885 3404 1035 3488 Herodis·
1048 3417 1123 3469 ortu
1141 3403 1232 3468 valde
1251 3404 1373 3483 irridet,
1391 3404 1579 3487 sed'tamen
1594 3405 1629 3472 in

584 3505 662 3556 sect.
679 3503 726 3567 17.
742 3490 886 3577 ejusdem
902 3491 1012 3590 primae
1036 3493 1148 3554 Exerc.
1170 3489 1210 3552 de
1231 3490 1402 3554 traditione
1417 3490 1497 3576 ipsa,
1511 3505 1629 3579 quato-

584 3600 645 3640 nus
676 3599 715 3640 ea
743 3576 784 3640 ad
813 3577 949 3641 Domini
976 3575 1201 3662 genealogiam
1230 3576 1379 3662 pertinet,
1400 3575 1472 3640 hoc
1495 3577 1629 3656 scribit,

584 3669 608 3702 “
621 3665 700 3727 Non
715 3675 795 3747 puto
811 3675 918 3727 extare
934 3661 1056 3747 aliquid
1071 3676 1127 3726 aut
1139 3659 1301 3747 antiquius
1316 3675 1373 3726 aut
1388 3661 1450 3727 fide
1461 3661 1628 3748 dignus?

583 3770 617 3834 p.
634 3755 684 3827 96.
704 3747 756 3811 ed.
777 3749 897 3811 Gener.
941 3749 1060 3832 Neque
1080 3747 1172 3817 aliter
1192 3758 1386 3811 censuerunt
1404 3748 1459 3813 alii
1478 3748 1630 3819 nonnulli

457 3862 465 3874 ·
572 3847 733 3898 'auctores
750 3833 944 3900 Casaubono
959 3831 1172 3911 recentiorcs;
1195 3832 1283 3896 etad
1297 3833 1477 3918 Josephum
1494 3832 1630 3921 quidem¹

571 3933 757 4007 utramque
781 3919 1008 4005 genealogiam
1032 3918 1202 4004 pertinere,
1225 3920 1322 3983 etiam
1346 3918 1442 3984 multi
1465 3941 1506 3984 ex
1527 3929 1631 3987 sacrre

586 4006 760 4091 Scripturas
774 4005 999 4092 interpretibus
1015 4005 1103 4069 hisee
1117 4005 1316 4090 temporibus
1329 4015 1520 4088 statuerunt.

629 4092 681 4155 Ac
694 4112 810 4170 revera,
824 4092 851 4156 si
865 4091 1043 4155 extitissent
1059 4104 1235 4155 narratores
1249 4091 1310 4175 ipsi
1325 4092 1378 4153 ἀπὸ
1393 4089 1487 4175 γένους
1499 4098 1547 4155 τοῦ
1564 4096 1630 4157 Κυ-

586 4175 656 4263 ρίου,
683 4176 815 4261 perinde
840 4189 937 4264 atquc
962 4176 1057 4241 Judae
1084 4191 1216 4261 nepotes
1241 4177 1293 4240 ab·
1311 4177 1503 4277 Hegesippo
1531 4188 1632 4264 supta

586 4262 651 4326 vol.
669 4262 695 4324 Ι.
712 4283 743 4347 p.
762 4269 828 4339 196.
843 4262 1100 4341 commemorati,
1114 4284 1233 4346 magna
1255 4261 1328 4325 inde
1350 4261 1492 4327 historrae
1514 4264 1629 4329 conci-

585 4346 722 4419 liaretur
737 4349 932 4426 auctoritas3
956 4348 1012 4412 sed
1035 4361 1182 4433 suspecta
1200 4347 1309 4412 multis
1325 4359 1384 4426 est,
1400 4362 1437 4411 ut
1453 4348 1633 4424 Dodwello

588 4433 725 4510 Dissert.
741 4434 767 4495 I.
785 4432 817 4496 in
831 4435 986 4509 Irenaeum
1005 4446 1082 4498 sect.
1098 4456 1150 4497 xx.
1169 4454 1201 4518 p.
1216 4447 1266 4497 38.
1288 4433 1432 4519 ipsorum
1454 4457 1530 4499 curn
1553 4436 1632 4507 Do-.

585 4519 676 4590 mino
698 4519 863 4606 cognatio,
909 4519 1006 4584 Certe
1023 4517 1192 4604 explicatio
1206 4519 1268 4583 ista
1281 4518 1492 4604 genealogica
1506 4521 1540 4585 in
1556 4543 1630 4594 sus:

612 4605 749 4668 icionem
772 4605 858 4671 venit
880 4619 1011 4691 propter
1031 4605 1115 4683 loca,
1138 4605 1308 4691 inquibus
1332 4603 1481 4670 homines
1505 4606 1630 4680 incole-¹

586 4627 676 4773 baut,
688 4691 728 4782 iis
739 4692 872 4781 enimin
886 4691 1015 4780 sedibus
1028 4703 1124 4759 sectae
1139 4690 1364 4767 haereticorum
1378 4691 1541 4779 vigebant,
1554 4715 1631 4781 quaa
