4092 5675
588 782 661 861 οφ
934 766 1299 840 suruomrronm

1078 1030 1142 1096 111.

637 1206 673 1270 Ρ.
689 1214 755 1269 124.
770 1201 794 1268 Ι.
809 1208 858 1267 16.
879 1198 966 1278 Ἐνοὸς
987 1200 1103 1280 ἤλπισεν
1126 1202 1204 1285 &c.]
1222 1202 1331 1268 Verba
1351 1213 1428 1269 sunt
1448 1212 1503 1270 sair
1525 1207 1637 1275 LXX.

590 1290 626 1357 in
645 1292 725 1356 Gen.
739 1289 779 1354 iv.
794 1311 914 1353 comm.
929 1288 990 1354 ult.
1011 1290 1072 1352 Καὶ
1086 1295 1127 1374 τῷ
1140 1289 1206 1368 Σὴθ
1224 1289 1331 1375 ἐγένετο
1348 1293 1414 1370 υίὸς,
1430 1292 1592 1375 ἐπωνόμασε
1607 1296 1637 1358 οὶ

591 1379 626 1442 τὸ
638 1375 723 1460 ὄνομα
736 1380 831 1457 αὐτοῦ,
844 1374 940 1450 Ἐνώς·
964 1374 1040 1450 οὗτος
1059 1376 1173 1453 ἤλπισεν
1188 1379 1370 1454 &inanibus
1383 1380 1415 1440 ri
1429 1375 1513 1461 ὄνομα
1527 1380 1637 1468 Κυρίου

591 1470 642 1529 rot
656 1468 743 1528 Θεοῦ.

637 1547 720 1614 Ibid.
735 1548 757 1613 l.
773 1562 819 1625 17.
842 1547 1012 1634 ομμηνεῦετος
1035 1553 1092 1635 γὰρ
1115 1552 1129 1611 ὀ
1150 1547 1237 1623 Ἐνώς
1250 1549 1349 1612 orasti
1364 1546 1519 1636 ἄνθρωπος]
1537 1551 1637 1615 Gian-

590 1634 658 1701 sius
676 1633 912 1722 Onomatolagia
926 1634 1069 1711 Massica,
1085 1633 1127 1698 ad
1144 1656 1177 1722 p.
1189 1652 1240 1714 99.
1256 1651 1368 1700 vocem
1387 1635 1471 1699 hanc
1491 1637 1637 1702 Hebrae-

590 1743 657 1799 am,
679 1744 752 1807 quae
774 1742 992 1798 oeromnosom,
1020 1721 1176 1800 ννιὶοονυοι,
1205 1720 1431 1807 aegrotabilem,
1457 1721 1637 1821 significat,

590 1814 670 1872 'cum
685 1805 761 1870 alibi
777 1820 847 1870 tum
862 1806 896 1869 in
909 1804 998 1870 Psal.
1011 1807 1075 1871 viii.
1086 1806 1285 1871 sobominam
1300 1804 1516 1887 notare'dicrt,
1526 1821 1637 1896 eoque

590 1892 794 1957 Psalmorum
816 1893 890 1957 loco
911 1890 952 1955 de
972 1892 1095 1957 Messia
1110 1893 1155 1957 ait
1169 1893 1234 1979 agi.
1279 1894 1378 1958 Porro
1395 1892 1433 1956 in
1448 1893 1636 1962 Hebraico·

590 2000 666 2043 rum
680 1978 848 2042 nominum
863 1978 1193 2064 interpretationibus,
1209 2000 1283 2065 quae
1305 1978 1413 2044 bibliis
1437 1979 1564 2045 Ietinis
1579 2001 1636 2047 so·

588 2062 660 2130 lent
673 2062 781 2152 adjici,
795 2064 859 2129 hoo
874 2065 1017 2173 positum
1034 2077 1083 2129 est
1096 2090 1104 2129 ν
1127 2066 1224 2130 Erras.
1248 2064 1351 2129 Homo
1366 2062 1417 2129 ael
1430 2064 1490 2128 vir.
1534 2107 1537 2112 -
1586 2086 1591 2098 “

636 2152 671 2215 Ρ.
688 2164 755 2214 125.
769 2151 793 2215 l.
804 2165 835 2215 2.
858 2175 928 2215 ουτυν
943 2150 971 2214 δὲ
986 2151 1034 2214 καὶ
1049 2156 1062 2215 ὅ
1076 2149 1175 2238 San-ip
1190 2151 1243 2224 υἱός
1254 2150 1339 2225 ὅντως
1353 2150 1510 2235 ἀνθρώπου]
1526 2149 1637 2217 Addi-

591 2235 627 2301 di
640 2236 833 2323 particulam
853 2235 900 2315 καὶ
919 2258 959 2301 ex
980 2236 1078 2301 Msn
1099 2236 1203 2323 priore
1214 2236 1370 2316 Parisino,
1385 2250 1419 2301 et
1431 2257 1491 2323 pro
1509 2238 1566 2311 υἱός
1584 2244 1635 2302 τοῦ

589 2322 665 2397 ὄντος
685 2324 828 2421 ἀνθρώπου
851 2322 940 2412 quod
961 2322 1061 2387 habet
1079 2321 1252 2411 Syncellus,
1266 2324 1362 2387 verba
1381 2322 1482 2387 altera
1503 2344 1545 2387 ex
1567 2324 1636 2389 Ce-

589 2407 983 2495 drenthst.Compar1dio
1005 2409 1111 2495 posui,
1134 2421 1240 2474 totum
1261 2408 1369 2473 locum
1392 2408 1636 2475 sicexhibente
1692 2463 1694 2467 »

590 2493 762 2560 Cedrenos
779 2494 848 2560 ’Ότι
862 2498 893 2559 ri
907 2495 993 2570 Ἐνῶς
1007 2497 1122 2573 ἤλπισεν
1134 2498 1317 2575 insubribus
1329 2497 1362 2558 ri
1377 2492 1461 2576 ὄνομα
1476 2495 1583 2581 Κυρίου
1595 2502 1634 2559 τῦ

585 2584 655 2645 (bes
669 2585 794 2668 πρῶτος,
809 2582 1064 2669 σμοσυγοςεύεθου
1077 2580 1188 2664 ὀνόματι
1200 2586 1264 2645 Θεῦ
1279 2584 1345 2653 ἐςον.
1370 2580 1457 2654 Ἐνοός
1471 2584 1530 2667 γὰρ
1547 2586 1632 2669 ἑρμη-

588 2667 693 2744 υούετυς
706 2665 846 2754 ἄνθρωπος
861 2671 936 2731 κοντοὶ
956 2669 1003 2730 τὸν
1021 2666 1170 2754 Ἑὲμαῖκόν
1185 2673 1253 2731 νοῦν·
1278 2664 1348 2741 ὅνους
1363 2672 1376 2729 ὁ
1390 2665 1503 2751 Sessio,
1519 2668 1575 2742 υίὸς
1589 2666 1633 2732 ὅν·

588 2777 644 2826 τους
657 2752 801 2840 ἀνθρώπου
815 2756 891 2816 κοντοὶ
904 2754 950 2816 τὸν
965 2755 1079 2837 φυσικὸν
1091 2752 1176 2838 λόγον
1187 2755 1364 2840 Ἀφρικανοῦ.
1399 2753 1468 2816 Ubi
1483 2764 1518 2815 et
1533 2751 1630 2819 inter·

588 2858 663 2924 pres
686 2851 851 2924 postrema
875 2840 971 2903 verba
992 2841 1099 2904 minus
1120 2852 1207 2903 recte
1228 2841 1334 2918 vertit,
1355 2849 1392 2902 ut
1404 2839 1581 2924 Africanus
1598 2840 1631 2905 in

587 2923 731 2988 naturali
752 2925 889 2989 oratione
908 2935 1015 2988 auctor
1036 2936 1092 2989 est.
1129 2928 1172 2989 Et
1191 2925 1277 3011 apud
1296 2923 1476 3011 Syncellunt
1499 2946 1630 3012 quoque

587 3031 650 3074 vox
664 3009 779 3087 ultima
792 3013 958 3097 Ἀφρικανοῦ
973 3033 1049 3075 cum
1064 3011 1326 3076 antecedentibus
1338 3011 1440 3097 verbis
1455 3010 1629 3111 conjungi-

584 3106 662 3174 tur3
685 3095 742 3159 sed
757 3098 885 3161 Gonnus
899 3098 932 3160 in
948 3097 1066 3161 Latina
1079 3097 1342 3183 interpretatione
1359 3115 1500 3161 suarem
1514 3098 1628 3161 melius

589 3180 832 3262 administravit,
846 3197 880 3249 et
891 3196 1046 3269 praeterea
1058 3183 1147 3269 prius
1161 3182 1242 3247 iliud
1255 3183 1364 3262 vertit,¹
1376 3183 1422 3247 ita
1437 3195 1468 3248 et
1484 3181 1628 3249 Salvator
1654 3224 1656 3231 ·

587 3266 654 3346 reri
668 3266 912 3358 haminisfilius.
955 3270 1088 3360 Rectius
1102 3282 1211 3334 tamen
1225 3269 1322 3334 fuerit
1335 3291 1414 3334 vere.

1076 3615 1134 3679 IV.

630 3782 714 3848 lbid.
730 3784 752 3848 l.
769 3797 797 3848 8.
819 3781 943 3869 Λέγετου
962 3787 1004 3868 γοὶ
1043 3784 1189 3867 ὁμωνύμως
1211 3789 1223 3847 ὁ
1246 3785 1320 3858 Θεὸς
1339 3781 1413 3869 &c.]
1430 3783 1568 3850 Dixerat
1587 3785 1626 3850 de

589 3869 721 3934 Christo
747 3882 860 3934 auctor
885 3810 1043 3954 Epistoiae
1067 3871 1109 3933 ud
1135 3869 1245 3935 Caium
1267 3880 1392 3957 quartae
1416 3870 1500 3934 inter
1525 3870 1626 3956 Opera

587 3955 622 4019 S.
633 3955 783 4043 Dionysio
797 3957 910 4040 Areap.
925 3955 1104 4040 adscripta3
1120 3959 1136 4018 ri
1152 3961 1211 4044 γὰρ
1224 3960 1259 4030 ὠς
1275 3955 1359 4029 αἴτιος
1371 3955 1520 4042 ἀνθρώπων
1532 3957 1625 4020 ἐνθάδε

586 4041 702 4125 λέγεται
724 4040 874 4128 ἄνθρωπος,
896 4044 962 4104 ἀλλ’
988 4044 1024 4115 ὠς
1045 4044 1113 4105 αὐτὸ
1141 4047 1236 4125 (corr.
1255 4044 1350 4121 αὐτὸς)
1373 4045 1436 4104 κατ’
1458 4042 1540 4106 isias
1563 4041 1626 4120 ἴλην

585 4131 699 4203 ἀληθῶς
712 4126 850 4214 ἄνθρωπος
864 4126 911 4190 ὤν.
933 4149 965 4212 p.
980 4139 1030 4202 74.
1044 4127 1095 4191 ed.
1113 4127 1269 4192 Corderii.
1316 4128 1384 4191 Ubi
1408 4129 1575 4193 Maximus
1592 4129 1625 4193 in

587 4211 719 4277 Scholir‘s
731 4215 763 4274 τὸ
779 4214 873 4275 ἐνθάδε
887 4235 943 4297 per
957 4212 1038 4277 illud
1053 4219 1079 4276 ἐν
1093 4219 1126 4299 τῇ
1142 4214 1281 4299 οἰκονομίᾳ
1295 4234 1352 4277 seu
1366 4212 1487 4276 Divino
1501 4215 1625 4299 dispen-

585 4298 714 4376 satione,
728 4298 963 4385 interpretetus,
983 4298 1024 4363 ad
1045 4302 1141 4363 verba
1162 4301 1217 4363 illa
1237 4300 1377 4363 auctoris
1396 4321 1457 4377 sur,
1472 4325 1503 4362 ου
1518 4326 1578 4388 γαρ
1591 4322 1626 4375 ος

584 4383 670 4458 airus
685 4384 844 4470 ἀνθρώπων,
860 4384 923 4448 hoc
939 4386 1071 4464 notavit,
1084 4391 1153 4449 reiro
1176 4387 1240 4469 φησὶ
1263 4387 1309 4448 καὶ
1331 4388 1495 4471 Ἀφρικανὸς
1517 4391 1544 4450 ἐν
1564 4389 1627 4463 ταῖς

582 4470 810 4557 χρονογραφίαις·
840 4475 1017 4535 ΛΕΓΕΤΑΙ
1037 4477 1095 4559 γὰρ
1113 4472 1259 4554 ὁμωνύμως
1274 4477 1287 4534 ὁ
1302 4473 1375 4546 Θεὸς
1392 4473 1453 4535 bac.
1496 4473 1627 4559 Nempe

584 4556 641 4621 ille
650 4569 830 4636 monuerat,
840 4570 876 4621 ut
884 4558 1008 4642 opinor,
1018 4558 1239 4646 Africanusde
1249 4556 1390 4643 quodam
1400 4579 1440 4620 ex
1450 4556 1514 4621 illis
1524 4560 1626 4623 Vete-

584 4641 628 4706 ris
643 4644 841 4709 Testamenti
857 4644 938 4707 locis
957 4665 1069 4730 agens,
1084 4643 1116 4707 in
1133 4645 1250 4730 quibus
1264 4645 1355 4707 Deus
1372 4643 1471 4707 Filius
1486 4657 1562 4708 ante
1575 4643 1626 4708 iu·

583 4728 799 4796 carnationem
814 4730 884 4817 ejus
899 4732 1013 4796 Homo
1027 4730 1216 4819 appellatur.
1239 4730 1349 4818 Atque
1364 4729 1447 4795 banc
1460 4735 1509 4807 τῆς
1523 4731 1626 4818 pirrus
