4092 5675
633 754 686 822 IN
707 751 931 823 AFRICANI
955 753 1211 824 CHRONICA.
1381 755 1444 846 '265

396 924 500 1015 Syria
513 948 550 992 se
563 924 679 992 vidisse
692 925 788 992 fidem
803 927 879 993 facit
894 928 981 992 idem
997 929 1187 996 Herodotus
1200 949 1271 1015 cap.
1287 935 1353 995 106.
1391 929 1445 995 De

401 1013 563 1080 sesostris
585 1013 807 1101 pyramidibus
827 1029 860 1078 et
877 1015 1013 1078 virilium
1036 1016 1305 1102 muliebriumque
1321 1029 1389 1081 tum
1412 1017 1446 1081 in

402 1099 676 1251 Ilieroglg'phieis
694 1113 766 1201 tum
787 1099 820 1163 in
839 1101 971 1200 somniis
991 1101 1186 1202 significatu,
1201 1102 1294 1189 plura
1305 1103 1447 1168 loannes

403 1185 531 1252 Prerrus
576 1186 692 1250 alenus
708 1187 844 1272 Hrerog.
860 1187 917 1250 lrb.
933 1211 1036 1252 xxxiv.
1053 1210 1125 1273 cap.
1137 1204 1187 1253 20.
1211 1189 1384 1253 Gonnus.

449 1273 487 1336 P.
515 1283 580 1336 140.
608 1272 631 1371 l:
653 1284 685 1371 7.
714 1270 911 1373 ·>.ει6ύρινὲὶοιι]Ι
926 1276 1034 1361 Quem
1063 1274 1178 1339 vidisse
1207 1295 1241 1337 se
1270 1274 1390 1359 prodit,
1414 1284 1449 1338 et

403 1356 1176 1511 tlpltltlzbtll‘lltt⁸.lluttllsstp·
1192 1362 1450 1511 ltrllllt:

404 1529 474 1594 ime
487 1529 689 1616 sequentium
705 1466 901 1607 nolninibus,
915 1492 954 1596 Ol
970 1532 997 1594 δὲ
1012 1531 1108 1596 τούτου
1126 1469 1283 1617 (ῧὺατὶε,
1298 1533 1343 1597 sic
1353 1468 1449 1596 ¹ineat

405 1635 487 1681 eum
499 1617 634 1699 Euseb.)
650 1616 774 1701 διάδοχοι
790 1617 833 1679 ἐπὶ
846 1614 915 1698 μθ.

746 1819 987 1885 DYNASTIA
1017 1821 1116 1886 XlIl.

453 1953 538 2020 Ibid.
553 1953 576 2019 l.
591 1966 641 2019 23.
663 1951 750 2040 esst]
771 1955 823 2019 Ita
842 1955 915 2021 MS.
931 1955 1012 2020 alter
1027 1955 1132 2021 Poris.
1155 1967 1189 2021 et
1210 1955 1356 2044 Scaliger
1378 1971 1453 2055 post

409 2039 542 2107 Eusebii
557 2040 750 2190 Dlynastiam
764 2062 823 2126 pro
837 2041 909 2127 pud.
924 2065 1022 2129 quem
1038 2064 1208 2133 numerum
1223 2043 1321 2108 habet
1336 2044 1452 2108 Goon-

409 2150 469 2194 nus
484 2127 586 2214 Syrtes
600 2125 624 2190 u·
639 2135 754 2190 tentus.

751 2328 993 2394 DYNASTIA
1020 2330 1115 2400 XIV.

457 2468 544 2534 lbld.
567 2466 590 2532 l.
612 2479 664 2544 27.
689 2468 989 2554 Τεσσαρεσκαιδεκᾶτη
1016 2467 1092 2551 &c.]
1120 2468 1169 2530 Ex
1194 2466 1291 2532 MSto
1317 2464 1456 2553 Syncelli

412 2553 513 2620 altero
530 2552 675 2619 Parisino
697 2553 780 2616 hanc
803 2554 1011 2640 Dynastiam,
1027 2552 1216 2618 Eusebianoe
1233 2553 1383 2631 similem,
1398 2552 1457 2651 de5

413 2640 551 2738 sumpsi.
582 2638 800 2739 ‘Desideratur
815 2640 846 2703 in
867 2640 1002 2704 Goarino
1019 2650 1120 2720 textu,
1134 2653 1232 2738 atque
1245 2640 1291 2703 M
1290 2640 1342 2705 Sto
1351 2654 1457 2739 prtem

414 2729 592 2879 millam
580 2724 738 2877 13(ἑιιιάεεῐιη
761 2724 847 2789 λείπει
870 2725 969 2791 habet
989 2748 1089 2790 manu
1110 2741 1280 2791 recentrorr
1299 2740 1455 2812 scnptum

415 2833 486 2879 eme
634 2831 697 2877 una
712 2832 746 2876 rn
756 2825 859 2877 textu.

764 3011 1006 3079 DYNASTIA
1034 3015 1110 3081 XV.

460 3149 496 3215 P.
511 3162 580 3215 141.
595 3149 618 3215 l.
630 3164 660 3214 2.
682 3148 841 3233 Ποιμένων]
868 3147 1045 3213 Nonnullis
1065 3149 1163 3213 etiam
1185 3149 1297 3236 magni
1319 3150 1458 3215 nominis

415 3236 605 3303 auctoribus
626 3257 721 3321 reges
744 3234 919 3321 pastorales
941 3233 1039 3319 hujus
1062 3235 1244 3320 Dynastiae,
1265 3248 1299 3300 et
1321 3235 1459 3300 duarum

415 3322 566 3411 proxime
587 3320 801 3408 sequentium,
817 3319 914 3383 iidem
938 3318 1037 3382 fuisse
1058 3332 1157 3405 atque
1179 3320 1332 3384 Israelitae
1347 3321 1459 3385 viden-

416 3422 483 3488 tur,
498 3407 557 3472 sed
578 3406 670 3472 aliter
692 3404 834 3471 sentiunt
854 3405 953 3491 longe
974 3401 1094 3489 plures.
1138 3406 1295 3469 Attamen
1316 3405 1358 3469 el.
1378 3407 1462 3493 Bry-

411 3494 508 3559 'sntio
523 3493 558 3558 in
571 3490 710 3579 Anolysi
724 3489 937 3578 Mytlrologioe
950 3489 1065 3576 Antiq.
1081 3489 1143 3555 vol.
1154 3490 1198 3554 iii.
1214 3513 1246 3576 p.
1260 3503 1331 3566 347.
1345 3503 1459 3577 etseq.

417 3578 541 3666 duplex
554 3591 604 3643 est
618 3579 752 3642 istorum
769 3589 936 3663 pastorum
947 3597 1063 3662 genus,
1075 3599 1176 3640 unum
1192 3576 1406 3641 Cuthaeorum
1420 3598 1461 3642 ex

418 3665 570 3753 AEgypto
597 3664 682 3728 ferro
709 3662 892 3748 viribusque
916 3662 1058 3748 pulsum,
1083 3663 1219 3727 alterum
1244 3662 1461 3727 Israelitarum

417 3748 478 3816 diu
493 3761 606 3837 postea
620 3751 719 3814 Mose
733 3748 817 3814 duce
832 3746 1030 3813 exeuntium·
1063 3747 1240 3835 Dynastias
1254 3762 1375 3828 autem,
1387 3771 1462 3834 quae

417 3835 505 3903 hane
519 3848 685 3922 pastorum
701 3833 905 3912 antecedunt,
919 3855 1033 3898 omnes
1049 3831 1259 3916 ὑποὸολιμαίους
1277 3855 1359 3912 esse,
1374 3834 1462 3898 mul·

418 3921 462 3987 tis
475 3921 677 4008 argumentis
691 3919 826 4006 probare
841 3919 1044 4006 aggreditur,
1057 3933 1095 3984 ut
1104 3918 1174 4006 jam
1190 3920 1267 3998 dixi,
1279 3921 1462 4006 Bryantius.

418 4006 562 4073 Tantum
577 4027 642 4093 ego
657 4007 789 4083 notabo,
804 4003 864 4068 hos
879 4019 1022 4090 pastores
1037 4006 1078 4069 ab
1094 4005 1243 4070 Hebraeis
1265 4004 1463 4092 distinguere

419 4092 561 4159 voluisse
582 4091 688 4178 ipsum
709 4090 986 4178 Dynastiologum
1006 4092 1243 4156 Manethonem
1264 4113 1283 4155 a
1307 4091 1352 4156 ud
1368 4093 1465 4157 Jose·

419 4177 525 4265 phum
541 4177 598 4242 lib.
614 4180 643 4240 l.
661 4178 777 4241 Contra
791 4177 907 4260 Apion.
924 4198 1063 4263 quorum
1077 4177 1236 4262 originem
1256 4113 1306 4242 sd
1319 4178 1466 4264 leproso·

419 4286 497 4331 rum
522 4262 695 4328 colluviem
720 4262 919 4326 mendaciter
943 4261 1063 4339 refert3
1097 4261 1175 4326 dum
1203 4263 1244 4327 ab
1269 4264 1465 4351 Amenophe

421 4371 501 4437 rege
510 4348 671 4414 Hebraeos
680 4370 719 4412 ex
743 4349 830 4415 ulsos
841 4370 921 4427 esse,
934 4369 999 4411 non
1010 4346 1215 4413 aTethmose
1225 4363 1390 4435 pastorum
1400 4349 1465 4414 vie-

420 4447 506 4516 tore,
521 4434 630 4501 tradit.
673 4435 704 4498 A
743 4434 934 4499 Africanum
949 4454 1024 4497 vero
1041 4431 1131 4518 quod
1146 4434 1271 4512 attinet,
1286 4436 1312 4498 is
1328 4448 1399 4500 tum
1414 4434 1466 4498 in·

419 4521 473 4589 fra
493 4521 537 4586 ad
557 4521 697 4608 Dynast.
714 4541 832 4598 xv111,
848 4534 918 4584 tum
933 4517 1021 4604 apud
1042 4519 1221 4584 Eusebium
1236 4520 1294 4584 lib.
1308 4543 1340 4584 x.
1353 4521 1463 4605 Praep.

421 4607 553 4695 Evang.
568 4629 640 4692 cap.
658 4622 706 4672 10.
723 4627 763 4671 ex
783 4605 970 4670 auctoribus
989 4603 1111 4683 retulit,
1128 4605 1258 4670 Mosem
1276 4604 1390 4669 exiisse
1403 4607 1465 4670 AE·

420 4705 528 4784 gypto
546 4705 703 4780 regnante
718 4690 852 4772 Amori,
875 4690 929 4756 hic
949 4704 1059 4757 autern
1080 4689 1165 4759 idern
1186 4704 1236 4757 est
1252 4703 1350 4779 atque
1364 4691 1467 4758 Teth-
