4092 5675
584 778 636 830 »rr
924 759 1313 862 aunorarrouas·

584 929 732 1018 hymnos
756 952 869 996 canere
890 934 1100 999 consuevisse.
1143 936 1202 999 De·
1216 935 1266 999 his
1287 932 1418 1019 psalmis
1439 942 1472 997 et
1492 931 1626 1021 hymnis

592 1016 818 1103 intelligendus
838 1018 962 1084 videtur
983 1020 1186 1107 Hippolytus
1203 1021 1241 1084 in·
1257 1021 1400 1083 oratione
1414 1020 1454 1084 de
1468 1042 1624 1084 consum·

591 1103 734 1167 motione
748 1102 861 1168 mundi
872 1105 934 1169 s'ub
947 1104 1056 1170 finem.
1080 1108 1112 1169 τὸ
1131 1104 1210 1187 ςόμα.
1221 1111 1296 1187 ὑμῶν
1314 1107 1386 1191 πρὸς
1400 1105 1560 1189 ὃσξολιγίαν
1575 1107 1625 1170 καὶ

585 1188 664 1251 uiros
679 1187 725 1268 soi
736 1188 937 1271 ψαλριιὺςιιαῖ
951 1193 1021 1275 ᾠδὰς
1041 1195 1235 1272 πνευματικὰς
1244 1190 1397 1274 ·ηὐτρέπισα
1410 1196 1517 1254 λαλεῖν.
1534 1229 1536 1235 -
1551 1192 1627 1254 Hu-

586 1272 731 1361 jusmodi
757 1274 896 1362 hymnus
921 1275 953 1339 in
979 1276 1133 1340 honorem
1157 1277 1237 1341 desu
1262 1276 1385 1339 Christi
1411 1297 1431 1340 a
1456 1276 1626 1340 Clemente

592 1359 808 1425 Alexandrino
822 1361 1021 1447 compositus
1035 1369 1139 1425 exstat
1152 1361 1303 1429 adfinem
1318 1362 1387 1449 ejus
1401 1361 1556 1427 librorum
1593 1362 1626 1424 ui

591 1445 767 1554 paedayogi
779 1445 1006 1511 inscribuntur.
1027 1448 1239 1512 Vanusrus.
1280 1449 1339 1511 Pro
1360 1445 1417 1509 tro.
1435 1383 1590 1511 mavultfi
1610 1475 1626 1496 υ

591 1552 669 1617 gere
683 1558 749 1596 orror
764 1532 805 1595 cl.
819 1530 1006 1596 Whitaker.
1030 1532 1063 1595 in
1084 1554 1205 1617 nupero
1217 1532 1308 1596 fibro
1326 1531 1498 1597 vernacula·
1514 1532 1628 1617 lingua

591 1616 711 1703 scripto
731 1619 782 1682 De
798 1616 973 1681 Arianisrnr'
1000 1616 1129 1703 Origine
1147 1616 1189 1682 ad
1209 1630 1325 1704 psam.
1368 1618 1432 1681 Sed
1452 1618 1626 1685 lectionem

591 1723 657 1788 ego
678 1716 838 1789 receptam
864 1702 996 1780 retineo,
1018 1725 1115 1788 quarn
1137 1702 1264 1767 codices
1286 1724 1397 1767 omnes
1418 1716 1515 1788 atque
1535 1717 1627 1767 vetus

590 1786 747 1874 interpres
763 1786 895 1851 Rufinus
909 1800 1108 1873 agrroscunt3
1130 1790 1289 1874 verbaque
1306 1788 1417 1869 damasi
1439 1790 1467 1852 δῖ
1487 1786 1545 1851 ὅσοι
1565 1788 1626 1852 &e

591 1871 679 1939 hune
693 1874 727 1937 in
742 1872 874 1937 modum
891 1873 1040 1938 vertenda
1054 1895 1123 1938 esse
1138 1895 1264 1953 censeo,
1280 1873 1402 1937 Psalmi
1416 1884 1520 1937 autem
1535 1884 1628 1959 quot-

614 1969 666 2023 uot
680 1969 750 2023 runt
767 1959 826 2023 dte.
870 1960 909 2022 In
923 1959 1053 2046 hymnis
1067 1971 1174 2023 autem
1194 1960 1236 2023 ab
1258 1958 1320 2023 hoc
1338 1959 1474 2045 'antiquo
1494 1972 1628 2024 auctore

617 2044 687 2110 ‘etis
699 2043 929 2109 recensendum
962 2058 1033 2109 utat
1045 2044 1091 2108 vir
1100 2044 1305 2108 doctissimus
1315 2045 1458 2108 Thomas
1470 2044 1627 2123 Smithus,

591 2128 733 2217 collegii
759 2131 793 2193 S.
816 2066 1020 2215 Magdaienae
1045 2150 1200 2214 magnum
1225 2129 1303 2192 olim
1330 2128 1439 2206 decus,
1466 2128 1627 2216 hymnum

589 2214 684 2282 illum
731 2237 790 2280 ene
814 2214 966 2293 divinum,
992 2215 1049 2303 qui
1074 2214 1257 2296 Matutinus
1283 2217 1473 2281 Graecorum
1498 2214 1627 2293 dicitur,

591 2315 689 2387 atque
708 2238 805 2367 hodie
821 2302 916 2388 juxta
934 2302 1013 2366 ritus
1032 2300 1175 2366 ecclesiae
1195 2300 1385 2387 Angiioanae
1406 2316 1480 2385 post
1499 2315 1629 2385 recepta

583 2388 751 2453 elementa
778 2402 963 2453 consecrata
991 2386 1116 2452 recitari
1144 2386 1236 2451 solet.
1278 2386 1361 2451 Vide
1389 2383 1527 2449 Miscelt.
1557 2386 1627 2474 ejus

591 2484 673 2536 tom.
689 2476 714 2537 l.
730 2496 763 2560 p.
779 2488 844 2548 137.
879 2472 1033 2560 Ejusdem
1055 2472 1120 2536 fere
1130 2471 1464 2558 -antiquitatis'censet
1482 2472 1627 2539 Smithus

589 2580 662 2622 esse
677 2558 834 2645 hymnum
848 2557 1095 2641 Vespertinum3
1115 2556 1203 2643 quod
1222 2557 1353 2643 quidem
1372 2578 1501 2620 carmen
1517 2559 1551 2620 S.
1564 2560 1626 2621 Ba-

591 2643 684 2708 silius>
700 2642 844 2729 Magnus
865 2644 1033 2727 antiquum
1047 2642 1095 2706 vel
1116 2641 1181 2706 suis
1199 2643 1399 2727 temporibus
1414 2642 1513 2708 fuisse
1527 2657 1626 2707 testa-

592 2728 692 2792 turin
707 2728 777 2793 Ltt.
790 2730 841 2792 De
854 2727 973 2812 Spiritu
986 2728 1019 2792 S.
1032 2749 1103 2812 cap.
1112 2741 1162 2804 29.
1189 2729 1264 2793 Hoc
1278 2728 1362 2792 idem
1378 2728 1488 2813 igitur,
1503 2730 1535 2793 in
1550 2752 1627 2815 quo,

587 2812 683 2902 juxta
703 2835 741 2878 ac
759 2814 865 2900 priore
882 2812 939 2878 illo
953 2813 1095 2878 carmine
1111 2813 1288 2892 Matutino,
1304 2814 1361 2878 SS.
1375 2814 1500 2878 Triadis
1517 2814 1627 2879 laudes

590 2900 804 2977 celebrantur,
816 2922 891 2965 cum
903 2899 1002 2963 talem
1015 2911 1207 2984 tantumque
1217 2899 1339 2964 habeat
1350 2900 1547 2984 antiquitatis
1556 2923 1627 2964 sure

590 2994 720 3065 testem,
735 2998 848 3072 postea
866 2983 1021 3050 adfinem
1044 2985 1273 3070 opusculorum
1295 2985 1381 3049 tertii
1402 2985 1499 3072 hujus
1517 2986 1628 3050 saeeuli

590 3093 763 3156 apponam,
779 3071 840 3135 etsi
884 3070 964 3135 ossit
976 3071 1073 3135 etiam
1089 3071 1245 3135 vetustius
1259 3092 1329 3135 esse
1343 3071 1414 3157 ipso
1429 3070 1492 3134 hoc
1507 3073 1627 3135 saeculo

585 3157 766 3236 -canticum,
788 3092 883 3244 quod
899 3178 918 3220 a
937 3157 972 3220 S.
990 3156 1111 3220 Basilio
1130 3158 1242 3234 irrisis
1261 3164 1310 3220 τοῦ
1328 3156 1430 3242 χρόνου
1450 3157 1628 3243 ἀρχαιότητα

590 3241 773 3309 adducitur.
811 3243 948 3308 Sanctus
961 3242 1082 3307 interea
1095 3241 1261 3341 spostolus
1276 3243 1361 3328 apud
1376 3241 1532 3340 Ephesios
1551 3265 1628 3307 suos

586 3341 625 3393 et
653 3329 862 3394 Colossenses
889 3329 1087 3417 hymnorum
1120 3351 1151 3391 rn
1180 3328 1306 3394 laudem
1339 3327 1460 3392 Chrrsti
1493 3329 1627 3392 Domini

591 3416 786 3481 mentionem
799 3415 904 3480 facere
915 3414 1048 3480 videtur.
1062 3413 1139 3476 Vid.
1152 3413 1234 3497 Ept.
1247 3437 1275 3476 v.
1289 3429 1334 3490 19.
1347 3427 1381 3477 et
1396 3412 1508 3476 Colors.
1519 3413 1565 3477 iii.
1580 3421 1627 3486 16.

591 3501 667 3563 lmo
681 3523 755 3564 vero
770 3503 931 3583 δοξολογίαν
945 3500 1013 3585 ipse
1027 3498 1143 3576 eidem,
1158 3499 1190 3560 ni
1206 3499 1310 3576 saltur,
1326 3499 1466 3563 offertio
1481 3520 1553 3582 cap.
1566 3501 1628 3564 ult.

591 3583 750 3668 Epistulae
764 3586 805 3649 od
820 3585 853 3648 S.
870 3585 1061 3649 Timotheum
1073 3583 1248 3668 posterioris
1262 3583 1302 3648 ad
1318 3606 1437 3647 comm.
1455 3598 1501 3649 18.
1538 3585 1627 3649 Con·

592 3668 641 3735 fer
656 3691 775 3735 comm.
793 3687 819 3734 1.
834 3683 868 3734 et
882 3683 911 3734 8.
947 3669 1047 3733 Cone.
1066 3683 1101 3732 et
1112 3669 1209 3752 Apoc.
1223 3692 1252 3732 v.
1272 3685 1317 3734 13.
1338 3682 1371 3732 et
1392 3669 1443 3732 vii.
1461 3684 1508 3748 ιο,
1526 3684 1573 3745 17.
1594 3687 1629 3736 et

587 3771 613 3824 ·2
625 3758 694 3820 Pet.
711 3757 782 3842 ipso
797 3757 858 3820 fine
873 3756 966 3840 epist.
1003 3753 1167 3819 caeterum
1188 3754 1251 3818 hoc
1269 3754 1444 3820 notandum
1466 3769 1526 3833 est,
1543 3757 1627 3842 Hip-

593 3842 697 3930 polyti
721 3862 803 3928 opus
825 3843 876 3905 De
901 3839 1166 3906 Consummatione
1188 3840 1351 3907 Mandis
1373 3840 1505 3908 Vaiesio
1528 3843 1628 3906 modo

592 3941 880 3992 commemoratum
897 3927 938 3991 ab
951 3927 1102 3991 omnibus
1116 3926 1183 3988 iere
1196 3927 1303 3991 vocari
1320 3927 1353 3990 in
1371 3925 1518 4004 dubium,
1533 3941 1571 3991 ut
1584 3928 1630 3992 ait

588 4013 715 4077 -Cavius
730 4013 817 4076 Hirr.
833 4012 900 4077 Ltr.
917 4025 996 4077 torn.
1010 4014 1039 4075 Ι.
1055 4033 1087 4097 p.
1104 4025 1171 4075 108.

619 4119 621 4125 ’
638 4099 673 4162 Ρ.
687 4111 716 4162 8.
733 4099 755 4162 l.
767 4113 797 4162 2.
819 4097 1028 4184 θεολογοῦιτες]
1053 4097 1100 4160 Ut
1120 4117 1227 4182 supra,
1242 4100 1268 4158 ἐν
1288 4096 1324 4169 οἷς
1344 4093 1433 4167 ἅπασι
1444 4101 1630 4179 ’θεολογεῖτου

593 4183 707 4270 xpri-65.
750 4185 801 4247 Ita
821 4195 854 4247 et
874 4183 935 4247 fine
955 4183 1026 4269 ipso
1047 4182 1102 4246 lib.
1118 4183 1223 4267 quarti
1239 4183 1355 4245 Contra
1373 4181 1496 4246 Celsum
1513 4182 1630 4268 Orige-

593 4290 671 4334 nes:
694 4269 766 4343 Θεὸς
785 4271 812 4331 δὲ
830 4268 884 4355 8on
899 4272 942 4331 διὰ
956 4275 1004 4332 τοῦ
1018 4273 1075 4332 υἱοῦ
1089 4272 1172 4345 ariri,
1188 4266 1214 4341 ὅς
1230 4270 1270 4340 ἐςι
1286 4268 1359 4341 Θεὸς
1373 4266 1457 4352 λόγος
1471 4269 1492 4354 'fi
1507 4269 1628 4354 copiari,

593 4352 715 4432 ἀληθεία
732 4355 753 4440 'd
769 4355 933 4432 δικαιοσύνη,
950 4352 996 4433 κα)
1013 4358 1075 4416 πᾶν
1094 4351 1118 4431 ὅ,
1136 4379 1164 4415 τι
1184 4354 1250 4416 ποτὶ
1265 4357 1438 4437 θεολογέσιη
1457 4354 1524 4438 περὶ
1545 4357 1629 4417 αὐτοῦ

584 4459 678 4523 φασιν
692 4440 759 4524 tepori
773 4440 893 4525 γραφαὶ,
906 4437 1036 4526 ἄρξαῶοᾳ
1049 4442 1119 4520 ἡμᾶς
1134 4437 1180 4516 καὶ
1192 4445 1229 4501 mi
1243 4439 1368 4520 πέμπῑου
1387 4439 1482 4520 τόμον,
1498 4441 1538 4501 ἐπ’
1558 4443 1630 4517 ὠφε-

592 4525 732 4679 ὶὲίᾳιὸω.
747 4547 779 4612 p.
791 4537 861 4603 577.
876 4525 928 4590 ed.
942 4525 1117 4589 Delaruan.
1147 4525 1230 4588 Mox
1244 4524 1335 4589 deest
1351 4547 1410 4588 vox
1424 4529 1490 4588 ἐτῶν
1506 4524 1538 4587 in
1551 4525 1629 4589 MS.

626 4611 688 4674 od.

583 4657 593 4760 i
637 4695 721 4764 Ibid.
735 4697 759 4764 l.
768 4708 799 4765 4.
821 4697 883 4774 τοὺς
898 4693 986 4784 μέχρι
1006 4695 1152 4784 Βίκιοςος]
1173 4693 1290 4785 χςὸιους
1308 4693 1432 4760 addunt
1447 4693 1580 4781 Niceph.
1597 4708 1631 4763 et
