4092 5675
779 755 834 820 m
854 751 1175 848 Arotnoutmu.
1230 779 1233 786 ·
1453 759 1495 845 ⁶9

449 923 635 1010 ..Eusebium
649 922 843 1004 ostenderat,
856 925 1005 991 Zoticum
1024 924 1258 990 Comanensem
1274 948 1348 991 curn
1361 926 1382 992 J
1385 926 1491 993 uliano

453 1012 627 1095 Apameno
649 1010 814 1096 episcopo,
828 1034 847 1075 a
859 1012 1064 1088 Themisone,
1079 1012 1149 1097 jam
1172 1012 1270 1077 modo
1290 1034 1489 1077 commemo·

450 1111 526 1161 rato
540 1096 582 1159 ad
597 1116 672 1181 pag.
682 1102 732 1159 56.
747 1097 944 1181 prohibitum
962 1098 1070 1175 luisse,
1085 1119 1124 1160 ne
1140 1097 1284 1195 spiritum
1301 1098 1489 1163 Maximillae

450 1197 655 1266 coargueret.
698 1181 809 1246 Tradit
830 1203 924 1267 porro
947 1182 1053 1245 AElius
1077 1183 1206 1248 Publius
1227 1183 1332 1247 Julius
1355 1184 1385 1246 in
1411 1184 1489 1247 sub·

449 1266 627 1351 scriptione
642 1289 700 1330 sua
714 1267 801 1353 apud
815 1268 1048 1331 Sensrrouts
1067 1270 1258 1352 Fragmenta
1272 1267 1313 1332 ad
1329 1290 1401 1353 pag.
1417 1276 1488 1347 469.

452 1351 517 1416 vol.
534 1353 560 1416 Ι.
582 1352 719 1416 voluisse
740 1354 851 1417 Sotam
872 1353 1120 1416 Anchialeusem
1141 1353 1320 1416 daemonem
1343 1375 1383 1416 ex
1406 1355 1488 1418 Pris-

451 1437 539 1516 cilla,
552 1459 610 1501 seu
626 1439 740 1516 Prisca,
752 1438 851 1502 altera
863 1460 902 1501 ex
918 1439 1067 1502 Montani
1083 1438 1291 1523 prophetissis
1304 1438 1430 1522 ejicere,
1445 1439 1487 1505 si-

452 1522 525 1586 mili
537 1537 646 1587 autem
662 1525 761 1588 modo
776 1525 872 1587 fuisse
884 1524 925 1586 ab
941 1524 989 1587 his
1005 1524 1163 1587 haereticis
1179 1523 1388 1609 prohibitum.

499 1609 534 1671 P.
546 1623 597 1686 59.
613 1610 636 1673 l.
650 1624 697 1672 13.
721 1615 882 1691 πςοφητεύαο
896 1610 941 1675 idn
953 1609 1169 1691 πμοσποοοομίοης]
1192 1610 1229 1671 ln
1249 1610 1350 1672 tribus
1367 1608 1488 1673 codlcl-

452 1692 515 1758 bus
537 1694 627 1758 Mas.
650 1693 742 1759 Med.
765 1709 797 1759 et
820 1696 845 1757 F
846 1694 902 1757 uk.
925 1694 1079 1779 scriptum
1104 1694 1238 1758 habetur
1258 1695 1435 1779 optumates
1457 1696 1487 1773 bl

451 1780 699 1865 προσποιουμένης,
724 1780 784 1843 levi
809 1779 1000 1843 discrimine.
1026 1780 1233 1844 Vssssws.
1284 1781 1334 1843 lta
1359 1801 1489 1867 quoque

451 1863 574 1950 legitur
588 1865 620 1927 in
636 1866 713 1929 MS.
731 1863 829 1929 Sevil.
845 1886 902 1928 seu
917 1864 1009 1928 Bodl.

498 1949 583 2013 lbid.
598 1950 619 2014 l.
636 1957 683 2013 16.
706 1953 751 2011 nul
775 1958 885 2033 Θςασία
905 1950 932 2010 di
951 1978 1013 2019 utroq
1035 1952 1082 2010 ὀὖν
1100 1956 1157 2011 τότο
1181 1952 1307 2032 μαρτύρων
1327 1951 1488 2035 μνημονεύει]

450 2036 565 2121 Hujus
586 2037 746 2123 martyris,
762 2037 817 2122 qui
836 2036 1005 2121 episcopus
1024 2036 1086 2099 fuit
1107 2035 1270 2099 Eumeuiae
1292 2036 1380 2099 urbis
1400 2038 1489 2101 Asiae

450 2120 604 2199 Minoris,
619 2136 652 2185 et
667 2121 762 2185 simul
777 2144 850 2184 cum
867 2143 906 2183 eo
920 2121 1048 2205 Sagaris
1063 2121 1215 2206 episcopi,
1230 2121 1285 2207 qui
1301 2123 1407 2185 Marci
1419 2125 1489 2187 Au·

450 2206 522 2270 relii
537 2207 737 2293 temporibus
753 2207 874 2270 videtur
888 2227 999 2291 passus
1013 2229 1094 2283 esse,
1110 2223 1146 2270 ut
1161 2208 1225 2270 dixi
1244 2206 1284 2269 ad
1306 2209 1485 2271 Mnemo-

453 2313 537 2355 ueu
555 2313 588 2378 p.
603 2307 669 2357 120.
685 2293 881 2357 mentionem
907 2292 1090 2377 Polycrates
1109 2293 1185 2354 facit
1205 2292 1290 2376 apud
1313 2294 1488 2356 Eusebium

449 2377 508 2442 lib.
519 2401 548 2441 v.
563 2377 650 2441 Hist.
663 2400 734 2464 cap.
747 2392 795 2442 24.
828 2380 925 2441 Porro
943 2392 1034 2441 notat
1049 2376 1239 2441 Dodwellns
1256 2376 1389 2440 Dissert.
1402 2377 1442 2440 iv.
1455 2378 1489 2442 in

364 2529 368 2540 ,
450 2463 618 2543 Irenaeum,
632 2467 663 2547 ξ.
674 2478 704 2528 4.
717 2486 749 2550 p.
760 2478 828 2528 383.
844 2463 923 2527 velle
938 2462 1088 2526 hocloco
1105 2462 1279 2531 Eusebium
1296 2461 1356 2525 τότε
1372 2462 1392 2525 i.
1402 2485 1431 2526 e.
1448 2485 1489 2528 eo

449 2550 571 2613 saeculo
592 2571 721 2634 passum
742 2572 811 2613 esse
833 2550 1018 2624 Thraseam,
1033 2549 1164 2633 ipsaque
1179 2548 1344 2632 Apollonii
1363 2570 1489 2613 memo·

450 2634 509 2712 ria,
522 2644 586 2698 non
597 2635 712 2699 eodem
728 2650 873 2720 tempore
885 2656 949 2718 quo
965 2634 1034 2697 haec
1050 2633 1174 2719 scripsit
1188 2633 1337 2697 adversus
1353 2636 1488 2699 Monta·

450 2719 551 2784 nistas
567 2720 598 2783 A
645 2720 772 2799 llonius,
787 2719 917 2806 quando
934 2719 1022 2783 nulla
1037 2720 1176 2783 extiterit
1191 2720 1382 2803 persecutio.

438 2886 441 2890 .
496 2805 581 2871 lbid.
612 2813 684 2870 .16.
711 2809 748 2867 irs
773 2807 797 2867 di
823 2814 852 2875 ὣς
874 2813 899 2865 in
921 2806 1085 2886 repudiaret
1110 2803 1185 2889 ἕω]
1214 2804 1334 2869 Eadem
1360 2805 1489 2871 traditio

433 2891 676 2956 'continebatur
690 2891 722 2954 in
738 2891 821 2954 Petri
841 2888 1079 2965 Praedicatione‚
1094 2890 1175 2954 libro
1191 2890 1321 2976 quidem
1338 2891 1488 2979 Apoe-ry·

449 2976 530 3063 pho,
545 2976 603 3040 sed
617 2976 706 3041 valde
723 2976 867 3062 antiquo
910 2977 960 3038 Ex
973 2996 1012 3038 eo
1028 2976 1111 3038 euim
1129 2974 1279 3039 Clemens
1295 2975 1488 3042 Alexandri·

449 3084 525 3139 nus,
540 3063 662 3126 Strom.
678 3062 734 3126 lib.
746 3061 785 3124 vi.
802 3063 896 3125 refert
911 3061 1091 3124 Dominum
1108 3060 1223 3124 dixisse
1239 3062 1404 3146 apostolis,
1417 3066 1488 3127 ’Ede

447 3148 501 3230 μὲν
513 3144 547 3210 alr
556 3173 599 3221 τις
609 3147 714 3233 θελήσῃ
725 3152 761 3209 rii
774 3149 893 3233 Ἰσραὴλ
902 3146 1065 3227 priamidae
1076 3144 1120 3208 διαὶ
1130 3151 1166 3208 r&
1181 3146 1309 3228 ὀνόματός
1319 3173 1360 3228 με
1372 3149 1487 3221 streties

448 3232 494 3295 tirel
514 3234 562 3295 rit
582 3234 655 3296 Θεὸν
675 3233 857 3315 &pubium
881 3233 957 3318 αὐτῷ
978 3236 1007 3293 αἶ
1028 3231 1171 3317 οἱμαμτῖαμ
1208 3230 1294 3295 Merui
1315 3232 1418 3296 δώδεκα
1440 3232 1485 3312 ἔτη

448 3316 580 3396 ἐξέλθατε
594 3322 630 3391 εἰς
643 3320 688 3380 τὸν
704 3317 816 3399 κόσμον,
831 3318 870 3398 μή
884 3342 925 3390 τις
941 3315 1010 3401 εἴπῃ,
1028 3321 1075 3379 οὐκ
1089 3317 1254 3395 ἠκούσαμεν.
1291 3316 1326 3379 Si
1340 3318 1409 3402 quis
1423 3318 1486 3405 igi·

449 3415 504 3468 tur
517 3426 559 3468 ea
571 3403 686 3466 israele
699 3403 886 3488 poenitentia
900 3402 1010 3465 ductus
1028 3416 1084 3484 per
1097 3424 1204 3464 nomen
1220 3424 1318 3464 meum
1335 3401 1368 3465 iu
1383 3405 1487 3467 Deum

447 3488 526 3554 velit
541 3488 676 3566 eredere,
690 3489 888 3552 remittentur
910 3487 939 3550 ei
958 3497 1096 3570 peccota.
1134 3491 1205 3550 Post
1219 3487 1376 3551 deredecim
1389 3511 1486 3553 annos

446 3573 635 3663 egredimini
648 3574 681 3637 ire
694 3574 853 3652 mundum,
867 3597 907 3637 rte
919 3573 988 3658 quis
1002 3572 1098 3649 dicat,
1112 3595 1171 3636 nort
1187 3573 1371 3639 audivimus.
1402 3576 1486 3639 Haec

446 3678 546 3747 prave
559 3659 816 3744 interpunctione
835 3660 867 3722 in
889 3659 982 3723 editis
1003 3659 1162 3736 laborant,
1177 3682 1249 3745 quae
1264 3680 1391 3724 sensum
1408 3660 1487 3725 hac-

446 3757 545 3810 tenus
567 3745 759 3809 obscuravit.
801 3747 875 3810 lam
893 3761 1014 3821 autem,
1030 3744 1056 3807 si
1070 3743 1140 3807 haec
1155 3766 1228 3808 vera
1242 3745 1315 3823 sint,
1331 3746 1357 3809 si
1374 3745 1487 3809 Chris·

444 3844 501 3897 tus
524 3830 712 3895 mandatum
734 3830 858 3894 dederit
879 3830 1032 3915 apostolis
1055 3841 1093 3893 ut
1113 3851 1170 3914 per
1191 3829 1362 3893 duodecim
1384 3852 1487 3896 annos

445 3915 690 4002 Hierosolymis
712 3928 933 3993 remanerenty
956 3916 1074 3978 mirum
1098 3915 1254 3993 nouerit,
1276 3937 1350 3979 curn
1372 3938 1486 3982 omnes

444 4001 599 4087 discipuli
619 4015 710 4065 metu
729 4003 925 4087 gravissimae
946 3999 1176 4086 persecutionis
1196 4021 1230 4063 se
1250 4000 1490 4083 subduxissent,

445 4085 616 4173 apostolos
630 4108 743 4150 omnes
759 4086 993 4173 Hierosolymis
1011 4085 1176 4161 mansisse,
1194 4085 1338 4150 mandati
1360 4109 1485 4153 uremo-

446 4193 511 4251 res,
537 4184 572 4236 et
594 4173 794 4258 protectione
818 4171 922 4235 divina
945 4171 1056 4235 fretos.
1088 4172 1173 4254 (Act.
1194 4172 1307 4255 Apost.
1329 4194 1401 4259 cap.
1422 4174 1486 4241 viii.
1547 4178 1549 4183 '

445 4279 571 4323 comm.
588 4259 629 4339 1.)
653 4259 799 4322 Peterson.
821 4256 959 4321 Lection.
979 4257 1012 4320 ira
1030 4255 1103 4319 Act.
1118 4256 1231 4340 Apost.
1246 4256 1279 4340 §
1292 4257 1335 4320 xi.
1350 4280 1382 4344 p.
1396 4266 1447 4323 62.
1466 4282 1487 4324 a

446 4344 647 4407 Rssnmo.
665 4342 729 4407 huc
749 4343 875 4407 allatus.
921 4342 1027 4418 ldem,
1042 4341 1129 4427 quod
1145 4340 1350 4426 Apollonius,
1370 4344 1487 4408 referre

446 4427 575 4494 Bedam
590 4428 624 4490 in
637 4449 707 4513 cap.
720 4429 785 4492 xiii.
797 4429 871 4492 Aet.
882 4427 992 4513 Apost.
1008 4426 1128 4491 notavit
1142 4427 1300 4506 Valesius,
1315 4428 1376 4491 etsi
1390 4427 1486 4494 aliam

447 4534 515 4579 rem
531 4534 645 4600 agens,
659 4513 701 4576 ad
715 4515 834 4579 Euseb.
849 4513 905 4577 lib.
918 4513 952 4576 ii.
969 4512 1058 4577 Hist.
1074 4534 1144 4597 cap.
1162 4518 1209 4575 16.
1232 4513 1487 4599 Chrysostomus

446 4620 548 4686 porro
567 4600 602 4662 in
620 4598 741 4663 Homil.
753 4606 803 4678 69.
820 4600 852 4663 in
870 4593 902 4664 S.
914 4599 1001 4662 Met.
1016 4597 1086 4661 haec
1100 4598 1286 4661 habet-bul
1300 4605 1379 4660 τοῦτο
1398 4599 1446 4662 καὶ
1464 4605 1489 4662 οἱ

447 4683 582 4758 &skottel
597 4684 663 4772 πρὸς
677 4681 727 4761 τοὶς
739 4685 873 4759 ’leduinus
887 4693 987 4771 πρῶτοι
1003 4683 1163 4770 ἐχώρησαν,
1176 4682 1199 4768 ᾗ
1213 4684 1306 4747 &abbr
1320 4685 1347 4745 ir
1359 4685 1488 4770 ‘leporu-

947 4790 965 4831 F
978 4782 996 4832 3
