4092 5675
731 768 784 837 IN
804 766 1029 834 AFRICANI
1053 765 1311 836 CHRONICA.
1477 788 1537 860 251

499 963 566 1025 oes,
579 927 690 1031 plures
711 956 819 1007 autem
839 946 961 1031 Ἀρρὰμ,
984 940 1256 1028 quemadmodum
1278 939 1357 1007 MS.
1378 941 1542 1029 Syncellus

492 1031 588 1117 prior
601 1028 776 1094 Parisinus.

544 1118 581 1181 P.
597 1114 702 1180 13ο.1.
719 1131 765 1179 13.
787 1119 836 1202 Τῷ
857 1114 954 1201 γσοζ.
970 1115 1129 1202 ἕνα-γῆς]
1144 1118 1220 1181 Ηοο
1233 1114 1377 1180 Africani
1390 1136 1431 1179 ex
1443 1136 1475 1200 p.
1487 1129 1539 1193 93.

499 1201 643 1289 Syncelli
664 1201 729 1266 huc
751 1179 1006 1266 transferendum
1028 1202 1114 1280 duxi,
1130 1203 1205 1288 quia
1222 1201 1462 1266 desiderabatur
1476 1200 1541 1266 hoc
1611 1287 1612 1290 Ἴ

496 1287 577 1353 loco
598 1286 721 1374 aliquid
743 1288 783 1351 de
801 1288 980 1352 Abrahami
1002 1290 1212 1372 profectione,
1234 1312 1309 1352 eum
1333 1309 1433 1351 annos
1456 1300 1542 1368 esset

498 1384 553 1458 75.
600 1375 750 1438 Praelixus
770 1388 878 1438 autem
898 1374 951 1437 hic
970 1373 1084 1438 titulus
1100 1388 1159 1453 est,
1174 1379 1262 1437 Κατὰ
1279 1373 1454 1461 Ἀφρικανόν.
1498 1377 1542 1440 Et

498 1481 633 1547 prorsus
656 1460 824 1524 confirmat
845 1460 958 1523 isthaec
978 1460 1073 1523 verba
1090 1461 1233 1524 Africani
1254 1482 1323 1524 esse
1343 1462 1478 1545 Prosper
1491 1460 1541 1523 A·

499 1545 656 1632 quitanus
670 1546 703 1609 in
722 1545 867 1609 Chronico
882 1548 1018 1633 integro,
1032 1547 1087 1632 qui
1101 1569 1201 1610 annos
1214 1560 1305 1629 3387.
1321 1546 1362 1609 ab
1377 1545 1485 1609 Adam
1500 1543 1543 1609 ad

500 1654 608 1718 usque
622 1632 762 1717 primum
777 1633 995 1715 promissionis
1011 1654 1130 1695 annum
1151 1647 1329 1718 computat,
1346 1654 1410 1695 non
1431 1644 1543 1695 autem

501 1718 649 1783 Africani
663 1718 742 1782 istos
753 1731 842 1792 3277.
855 1719 930 1803 quia
945 1740 1046 1782 anuos
1062 1734 1126 1782 130.
1138 1725 1175 1780 τὲ
1189 1719 1298 1806 δευτέρα
1312 1718 1446 1796 Cainan,
1461 1738 1544 1803 quos
1560 1763 1564 1777 .

501 1802 635 1890 reliquit
650 1803 833 1881 Africanus,
846 1805 877 1866 in
893 1820 1050 1889 computo
1065 1828 1124 1868 suo
1140 1805 1273 1882 addidit,
1286 1818 1397 1868 contra
1412 1804 1543 1889 neglec-

501 1891 545 1955 tis
560 1891 590 1953 vi
617 1889 676 1953 inti
693 1890 755 1953 illis
779 1890 972 1953 Mathusalae
992 1891 1033 1953 de
1052 1892 1168 1977 quibus
1183 1892 1224 1955 ad
1240 1894 1342 1954 Num.
1356 1912 1411 1955 v1.
1427 1911 1460 1974 p.
1473 1902 1544 1953 242.

501 1975 561 2039 ubi
583 1911 650 2039 dixi
672 1974 811 2038 eundem
837 1976 1026 2061 l'rosperum
1050 2000 1150 2040 anuos
1169 1991 1258 2055 2242,
1273 1999 1349 2056 uon,
1366 1988 1402 2040 ut
1423 1977 1545 2040 fecerat

502 2060 690 2140 Africanus,
705 2068 793 2140 2262,
809 2062 850 2125 ab
869 2062 997 2125 Adanio
1019 2061 1059 2125 ad
1083 2062 1237 2127 diluvium
1256 2064 1410 2148 signasse.
1454 2064 1547 2146 Ergo

503 2147 621 2233 reliqui
642 2148 766 2210 numeri
786 2162 852 2225 110,
869 2148 895 2210 si
911 2150 1053 2211 Africani
1076 2149 1137 2211 illis
1152 2163 1242 2224 3277.
1261 2150 1432 2226 addantur,
1448 2148 1544 2211 Pros-

503 2235 573 2319 peri
589 2256 748 2297 summam
764 2256 921 2297 annorum
937 2246 1027 2309 3337.
1040 2235 1221 2298 conficient.

460 2357 464 2364 ,
549 2319 635 2382 lbid.
653 2320 674 2381 l.
692 2333 737 2381 14.
756 2318 857 2382 Ἔνθεν
880 2320 1089 2406 ἄρχεται-τοῦ
1111 2320 1329 2406 προειρημένον]
1347 2318 1446 2404 Apud
1464 2318 1547 2405 Syn-

507 2404 619 2469 cellam
633 2406 673 2468 ad
689 2428 764 2490 pag.
777 2423 826 2483 99.
842 2405 912 2468 haec
929 2407 1023 2468 verba
1037 2419 1148 2469 extant
1163 2406 1269 2469 statim
1285 2419 1359 2469 ante
1374 2405 1440 2483 illa,
1451 2403 1547 2471 Συνά-

507 2515 589 2576 γετας
601 2489 689 2553 τοίνυν
707 2492 766 2554 &c
782 2514 855 2576 quae.
878 2514 942 2554 non
964 2491 1067 2554 solum
1090 2492 1146 2569 ibi,
1162 2492 1265 2555 sedet
1280 2491 1332 2555 hic
1348 2490 1388 2554 ad
1404 2512 1480 2575 pag.
1496 2496 1546 2555 86.

507 2578 612 2662 posita
628 2590 712 2639 sunt.
753 2578 877 2639 Eodem
894 2579 994 2662 igitur
1007 2577 1119 2640 ordine
1134 2577 1258 2641 edenda
1272 2577 1326 2640 illa
1339 2577 1456 2652 curavi,
1469 2597 1549 2639 con·

508 2676 558 2725 tra·
579 2685 677 2748 quam
701 2664 776 2725 l'ecit
799 2664 954 2747 Scaliger,
978 2665 1034 2748 qui
1052 2664 1122 2728 haec
1145 2666 1240 2728 verba
1262 2662 1334 2726 ἔνθεν
1350 2661 1470 2750 ἄρχεται
1487 2661 1548 2726 doc.

509 2748 600 2812 alteri
614 2748 688 2811 loco
703 2748 862 2832 Σονίιγετας
875 2749 962 2811 τοίνυν
979 2751 1039 2812 &o
1057 2750 1232 2833 subjunxit.
1275 2750 1425 2813 Praeiixus
1440 2761 1550 2812 autem

509 2834 622 2898 titulus
638 2847 687 2897 est
701 2837 780 2912 istiS,
799 2838 966 2920 Ἀφρικανοῦ
980 2837 1048 2922 περὶ
1061 2825 1207 2921 Ἀέραίιμ.

551 2920 639 2982 lbid.
661 2920 786 3004 ιΕὲραῖοι
805 2928 861 3006 γὰρ
877 2927 900 2982 oi
916 2922 1044 3004 Περᾶταρ
1059 2923 1254 3007 ἑρμηνεύονταη]
1274 2924 1318 2985 Et
1331 2921 1401 2985 haec
1418 2941 1550 3006 quoque

511 3005 647 3069 aliorum
670 3022 811 3069 veterum
835 3007 944 3092 opinio
966 3009 1039 3086 fuit,
1058 3011 1216 3072 Hebraeos
1240 3030 1303 3071 non
1324 3009 1364 3070 ab
1383 3008 1468 3071 Eber
1484 3006 1550 3071 filio

513 3092 586 3155 Sala
600 3092 715 3169 dictos
731 3092 818 3177 quod
834 3114 908 3155 sane
923 3093 1032 3156 locum
1049 3115 1112 3156 non
1130 3094 1238 3172 habet,
1254 3092 1311 3156 sed
1325 3116 1344 3156 a
1356 3092 1453 3156 verbo
1479 3094 1550 3156 He·

512 3186 611 3267 braeo,
627 3188 715 3274 quod
734 3188 894 3273 significat
915 3192 1051 3270 περᾶσαι,
1068 3202 1123 3252 aut
1138 3212 1157 3252 a
1172 3189 1397 3274 praepositione
1410 3201 1486 3294 ’3337
1502 3191 1552 3256 vel

513 3324 586 3418 3337
601 3313 691 3398 πέρα,
706 3311 791 3376 unde
808 3311 951 3388 Hebraei,
967 3323 1120 3397 tanquam
1142 3316 1277 3397 ωερᾶτας,
1292 3310 1379 3396 quod
1401 3310 1553 3377 nimirum

513 3425 677 3488 Abraham
694 3421 873 3507 patriarcha
892 3421 1106 3484 Hebraeorum
1123 3419 1429 3505 transeuphratensis
1444 3420 1552 3485 fuerit.

514 3509 619 3573 Aliter
634 3513 772 3594 Περαῖταη
786 3508 850 3571 dici
864 3521 1011 3592 possunt,
1027 3505 1081 3568 o'nrd
1095 3512 1142 3582 τῆς
1157 3508 1294 3589 Περαίας,
1311 3521 1346 3569 ut
1359 3505 1485 3592 περαίνοι
1498 3508 1552 3569 ἀπὸ

514 3600 548 3657 αὖ
562 3593 645 3679 πέρα.
674 3596 762 3656 Nam
777 3607 912 3678 utraque
927 3593 1018 3678 regio
1032 3606 1098 3659 taur
1113 3615 1161 3671 ea,
1178 3616 1250 3678 quae
1266 3606 1351 3655 trans
1365 3591 1552 3673 Jordanem,

515 3702 611 3766 quam
627 3703 701 3765 quae
717 3693 803 3742 trans
824 3679 1035 3764 Euphratem,
1049 3679 1151 3763 περαία
1165 3679 1341 3755 dicebatur,
1357 3692 1390 3741 ct
1405 3676 1554 3744 homines

514 3767 682 3850 utriusque
697 3769 851 3852 αεςαῖται.
878 3765 977 3848 Apud
992 3765 1173 3849 Josephum
1190 3763 1281 3828 ἁλώσ.
1296 3763 1353 3828 lib.
1368 3764 1401 3827 ii.
1418 3785 1489 3848 cap.
1502 3776 1554 3829 42.

514 3858 553 3936 τῷ
567 3854 594 3914 δὲ
610 3851 727 3938 α’ίρχοντι
744 3851 807 3914 τότε
828 3857 875 3925 τῆς
892 3851 1049 3930 Ἰδουμαίας
1066 3849 1180 3937 Νίγερι·
1200 3850 1276 3933 γένος
1295 3851 1322 3911 δὲ
1338 3848 1366 3926 ἦν
1380 3853 1410 3911 ἐκ
1424 3856 1471 3924 τῆς
1485 3851 1554 3935 περὶ

513 3938 647 4022 Ἰορδάνην
661 3938 786 4021 περαίας.
811 3937 847 3998 διὸ
864 3938 884 4022 ιη
902 3937 1043 4021 Περαΐτης
1061 3940 1232 3999 ἐπεκαλεῖτο.
1273 3935 1554 4021 Pseudohegesip-

515 4045 574 4121 pus
587 4025 674 4086 hunc
689 4024 796 4086 locum
810 4020 943 4105 losephi
959 4036 1081 4084 vertens
1097 4021 1205 4106 inepte
1219 4021 1554 4105 transeuphratensem

515 4108 682 4185 intellexit,
702 4131 802 4193 quum
827 4106 1149 4193 transjordanensem,
1170 4106 1330 4191 Josephus
1353 4107 1555 4174 intellexerit.

515 4194 567 4258 De
580 4193 936 4279 transeuphratensibus
950 4195 1034 4256 Ezra
1047 4193 1104 4256 lib.
1115 4193 1155 4256 iv.
1171 4207 1218 4256 11.
1231 4194 1334 4256 Num.
1346 4195 1428 4257 xxiv.
1437 4207 1486 4257 24.
1500 4194 1558 4260 ubi
1672 4244 1676 4249 .

517 4303 593 4386 ’12737
610 4293 991 4384 αέρας,ἀντίτῆςωεραίας.
1011 4293 1403 4381 Scae1oua.adp.410.
1438 4297 1559 4364 Favent
1673 4346 1675 4351 -

517 4403 592 4466 huic
607 4399 858 4485 interpretationi
873 4406 896 4462 οί
911 4399 943 4462 o'.
956 4400 1012 4486 qui
1025 4399 1067 4462 ad
1080 4399 1259 4463 Genesxiv.
1271 4415 1316 4464 13.
1326 4401 1371 4463 ita
1382 4413 1555 4480 verterunt,

519 4487 749 4574 Παραγενόμενος
773 4486 799 4546 δὲ
821 4492 874 4548 τῶν
900 4484 1097 4548 ἀνασωθέντων
1120 4512 1162 4559 τις
1182 4486 1352 4572 ἀπήγγειλεν
1377 4482 1494 4571 Ἀίίςαὶμ
1517 4493 1558 4572 τῷ

519 4574 643 4660 περάτῃ,
661 4574 721 4634 &a
759 4570 843 4634 Vide
865 4586 975 4635 autem
996 4570 1192 4634 Bochartum
1215 4585 1327 4635 contra
1340 4569 1559 4655 disputantem

520 4659 551 4727 in
569 4657 666 4722 Plrule
692 4706 699 4719 .
716 4657 771 4720 lib.
786 4657 818 4719 ii.
835 4679 906 4742 cap.
922 4672 967 4720 14.
981 4670 1014 4720 et
1030 4657 1212 4720 Montfauc.
1229 4657 1269 4720 ad
1285 4654 1424 4739 Hexupl.
1440 4655 1480 4720 ad
1496 4655 1560 4720 l.c.

564 4680 689 4831 latai.
707 4758 754 4807 15.
776 4744 1002 4829 διαπεράσαντος]
1018 4745 1068 4809 lta
1085 4742 1223 4830 syncelli
1238 4741 1332 4808 Msti
1342 4741 1494 4822 Parisini,
1509 4753 1560 4808 at·
1583 4808 1586 4814 ,
