4092 5675
642 759 876 831 sanorsr.
898 761 949 828 aa
971 760 1139 827 sraoo.
1159 761 1382 829 annona.
1467 783 1530 851 491
1570 822 1573 828 .
1600 770 1602 774 ·

495 933 660 1018 βασιλείας,
675 938 785 1022 προςοὶς
803 939 850 1010 τῆς
871 937 933 997 κατ’
952 934 1161 1020 Ἀλεξάνδρειαν
1181 935 1328 1008 ἐπισκοπῆς
1346 933 1433 998 ἔτεσιν
1452 938 1531 997 bala·

498 1017 627 1088 καόδικα·
652 1020 807 1106 διαδέχεται
826 1022 853 1083 δὲ
867 1022 949 1083 αὐτὸν
961 1019 1105 1101 Μάξιμος.
1127 1019 1285 1102 ΛΓαλλιῆνοο
1301 1021 1327 1081 δὲ
1343 1022 1381 1100 ἐφ’
1395 1018 1465 1095 όλοις
1479 1024 1533 1083 lor·

498 1099 593 1181 ,αυτοῖς
616 1101 820 1169 πεντεκαόδικα
843 1109 890 1183 τὴν
914 1108 1006 1193 ἀρχὴν
1032 1103 1242 1192 κεκρατηκότος,
1267 1106 1404 1179 Κλαύδιος
1428 1106 1531 1184 κατέςη

500 1191 639 1278 διάδοχος.
671 1191 789 1276 δεύτερον
814 1191 841 1253 δὲ
865 1189 940 1265 οὗτος
961 1189 1075 1255 transito
1096 1190 1165 1269 ἔτος,
1187 1194 1349 1274 Αὐρηλιανῷ
1368 1190 1532 1274 μεταδίδωσι

499 1281 550 1356 τὴν
564 1276 720 1361 ἡγεμονίαν·
744 1278 810 1340 καθ’
833 1274 861 1339 δν
884 1274 1044 1351 τελευταίας
1066 1274 1300 1362 σογκροτηθεόσης
1319 1276 1447 1349 οτλεόςοιν
1466 1276 1534 1341 door

502 1360 657 1427 ἐπισκόπων
678 1361 799 1441 συνόδου,
822 1365 956 1447 φωραθεὶς
976 1363 997 1448 a}
1020 1364 1092 1447 πρὸς
1113 1361 1241 1424 ἁπάντων
1258 1360 1304 1438 ἤδη
1324 1364 1419 1444 ἵσαφῶς
1441 1388 1534 1426 κατα-

501 1448 627 1534 γνοιόδιδς
641 1446 804 1534 ἑτεροδοξόαν
821 1452 833 1509 ό
848 1454 895 1523 τῆς
911 1452 985 1509 κατὰ
1001 1446 1175 1531 Ἀντιόχειαν
1194 1444 1321 1531 αἱρέσεως
1339 1446 1476 1531 ἀρχηγός,
1489 1454 1536 1523 τῆς

503 1537 554 1597 ὑπὸ
567 1536 612 1597 rbr
628 1534 735 1619 οὐρανὸν
750 1538 899 1608 καδολικῆς
913 1532 1063 1609 ἐκκλησίας
1077 1530 1296 1616 ἀποκηρότδεταη.
1322 1532 1433 1614 μόλις-α
1447 1535 1468 1594 δ’
1482 1539 1536 1596 αὖ·

504 1619 551 1684 abr
576 1617 687 1691 εὐδόνας
710 1616 923 1703 ἒπικροπόόμενον
944 1619 1070 1701 διήλεγξε
1090 1616 1246 1700 Μαλχόοιν·
1277 1621 1341 1702 ἀνὴρ
1356 1618 1394 1680 roi
1412 1644 1443 1681 τε
1458 1616 1538 1682 ἄλλα

505 1703 610 1787 λόγιος·
635 1704 683 1765 καὶ
701 1711 813 1782 σοφιςοῦ
834 1712 886 1766 τῶν
905 1706 945 1765 ἐπ’
960 1703 1135 1787 Ἀντιοχείας
1152 1705 1323 1779 Ἑλληνικῶν
1340 1705 1539 1791 αιαιδευτηςόνινΙ

507 1786 642 1875 διατριόῆς
663 1789 800 1875 argoas-055·
833 1791 862 1851 ab
886 1792 938 1870 μὴν
960 1792 1039 1852 ἀλλὰ
1060 1786 1107 1865 καὶ
1130 1790 1161 1868 δι’
1186 1786 1414 1875 ύπεςὸόιλλουσαν
1434 1795 1482 1864 τῆς
1503 1796 1540 1865 εἰς

506 1878 610 1962 Χριςδν
635 1872 741 1949 οιόςεοις
764 1873 943 1959 γνηοιότητα,
969 1872 1167 1961 οιρεσόντερόον
1194 1880 1242 1949 τῆς
1269 1873 1365 1937 αὐτόθι
1390 1875 1541 1961 παροικίας
1633 1900 1635 1903 ’

507 1958 660 2041 ἠξιωμένος·
686 1960 760 2034 οὗτος
775 1958 852 2044 piros
873 1958 1111 2042 ἐπισημειουμένιον
1125 1960 1330 2044 ταχινγρόιφοιν,
1347 1960 1454 2041 ζήτησιν
1468 1963 1542 2049 πρὸς

508 2047 591 2114 αὐτόν
608 2045 785 2127 ἐνςησόμενος
799 2044 828 2122 ἢν
844 2046 890 2107 καὶ
906 2049 941 2119 εἰς
956 2048 1028 2131 δεῦρο
1042 2044 1184 2128 φερομένην
1197 2045 1287 2125 ἴομεν,
1300 2046 1378 2126 μόνος
1391 2045 1476 2131 ἰ’χοσε
1488 2055 1542 2111 τῶν

508 2130 606 2194 ἄλλων
626 2158 643 2192 κ
660 2130 769 2205 obiroor
784 2129 850 2194 όντα
863 2130 909 2207 καὶ
922 2133 1064 2207 ἀπατηλὸν
1077 2130 1262 2215 φαράσαητδν
1276 2129 1426 2216 ἄνθρωπον.
1464 2132 1543 2206 Cum
1571 2195 1573 2200 ,

510 2156 664 2305 Ιὶηζὶιιινό
682 2226 747 2279 stus
760 2216 900 2280 undecim
920 2216 1010 2279 annis
1028 2213 1163 2279 acclesiae
1184 2215 1333 2278 Romanae
1350 2216 1544 2299 praefuisset,

512 2302 545 2367 in
565 2302 629 2385 eius
652 2238 752 2364 lircmn
774 2300 914 2365 successit
931 2300 1112 2387 Dionysius,
1127 2299 1341 2364 Alexandrino
1363 2299 1413 2365 illi
1433 2323 1544 2401 cogno·

512 2385 616 2473 minis,
662 2384 723 2450 Sub
743 2385 827 2450 idem
848 2398 967 2472 tempus
985 2386 1128 2473 defuncto
1142 2385 1319 2449 Antiochiae
1334 2388 1547 2468 Demetrrauo,

509 2472 634 2539 Paulus
656 2472 879 2536 Samosateusis
902 2473 1109 2557 episcopatum
1130 2471 1272 2557 suscepit.
1316 2472 1380 2536 Hic
1401 2495 1470 2537 nrm
1491 2474 1549 2538 ad·
1632 2530 1634 2533 .

514 2580 618 2623 vasus
647 2556 782 2621 ecclesiae
809 2558 980 2621 doctrinam
1008 2557 1101 2621 nimis
1126 2556 1242 2641 abjecte
1266 2567 1297 2621 et
1324 2558 1484 2624 humiliter
1510 2560 1548 2624 de

518 2642 639 2709 Christo
661 2642 773 2707 sentire
795 2643 947 2726 cupisset,
970 2642 1061 2729 quasi
1087 2640 1113 2706 is
1138 2642 1221 2705 nihil
1244 2658 1338 2725 supra
1363 2668 1549 2710 communem

514 2727 672 2794 homiuum
693 2739 840 2791 naturam
861 2727 1012 2793 habuisset
1022 2754 1035 2807 ,·
1062 2726 1233 2813 Dionysius
1253 2727 1482 2795 Alexandrinae
1502 2753 1552 2796 ec·

517 2814 621 2880 clasiae
634 2814 790 2900 episcopus
803 2825 929 2902 rogatus
949 2825 984 2878 ut
1005 2815 1047 2879 ad
1067 2812 1226 2879 concilium
1244 2813 1552 2895 oenir‘et,adoeatum

518 2900 643 2990 quidem
661 2923 749 2964 suum
772 2897 906 2979 distulit,
927 2910 1111 2966 senectutem
1132 2911 1162 2964 et
1184 2899 1398 2986 infirmitatem
1420 2906 1552 2989 corporis

519 2997 674 3053 causatus.
714 2988 857 3051 Ceterum
870 2985 946 3074 quid
960 2987 1024 3134 ipse
1038 2987 1075 3050 de
1089 2985 1147 3052 hac
1160 2986 1329 3073 quastione
1346 2988 1482 3069 sentiret,
1497 3005 1553 3076 por

519 3072 667 3158 epistolas
682 3070 841 3136 indicauit.
870 3072 916 3135 At
932 3095 964 3136 re
980 3072 1046 3158 iqui
1060 3070 1256 3136 ecclesiarum
1268 3085 1408 3158 pastores
1419 3076 1555 3163 undique

520 3157 627 3236 exciti,
651 3167 802 3245 tanquam
823 3157 967 3222 odoenus
986 3156 1271 3244 gregisDominici
1291 3170 1489 3240 vastatorem,
1510 3162 1555 3226 si·

521 3242 591 3311 mul
613 3266 714 3309 omues
737 3241 935 3307 Antiochiam
961 3252 1173 3307 conbuserunt.
1216 3243 1303 3306 Inter
1325 3266 1400 3330 quos
1420 3246 1557 3313 maxime

519 3327 696 3399 eminebant
724 3328 928 3394 Firmilianus
955 3328 1109 3392 Caesareae
1137 3327 1351 3411 Cappadocum
1378 3330 1557 3416 episcopus:

518 3413 695 3502 ¹,Gregorius
716 3426 746 3478 et
767 3413 980 3479 Athenodorus
994 3415 1132 3501 fratres,
1152 3411 1348 3478 ecclesiarum
1370 3417 1453 3501 apud
1474 3421 1558 3482 Pon-

525 3511 592 3571 tum
607 3499 759 3585 episcopi:
783 3499 921 3564 Helenus
935 3522 1054 3586 quoque
1068 3499 1170 3578 Tarsi,
1185 3509 1215 3563 et
1229 3499 1375 3564 Nicomas
1390 3500 1486 3566 Iconii
1500 3526 1558 3567 an-

526 3585 651 3650 tistites
690 3585 751 3649 Sed
772 3596 801 3649 et
825 3586 1016 3672 Hymenaeus
1043 3584 1098 3674 qui
1123 3583 1279 3650 ecclesiam
1302 3586 1560 3672 Hierosolymita·

525 3693 601 3737 nam
614 3669 751 3757 regebat,
765 3681 795 3734 et
812 3670 997 3741 Tluotecnus
1012 3670 1067 3759 qui
1083 3671 1303 3736 Caesariensem
1322 3671 1372 3736 illi
1381 3671 1560 3758 finitimam
1644 3710 1646 3714 >

527 3754 781 3826 administrabat.
825 3757 990 3821 Maximus
1009 3767 1174 3842 praeterea,
1189 3756 1243 3843 qui
1257 3759 1450 3822 Bostrensem
1468 3760 1562 3826 eccle-

528 3842 609 3910 siam
622 3863 742 3905 summo
757 3864 825 3905 cum
842 3841 933 3909 laude
944 3841 1139 3929 gubernavit.
1175 3843 1337 3908 Sexcentas
1352 3867 1470 3932 qnoque
1483 3845 1563 3913 alios

530 3928 588 4018 qni
605 3949 667 3991 una
682 3949 750 3997 cum
769 3926 956 4014 presbyteris
970 3940 999 3992 et
1015 3927 1150 3992 diaconis
1164 3951 1196 3991 eo
1211 3928 1433 4010 confluxerunt,
1447 3954 1564 4018 nequa-

553 4014 626 4078 uam
651 4012 775 4097 difficile
789 4012 896 4097 fixerit
920 4036 1081 4078 recensere.
1121 4013 1231 4076 Verum
1256 4014 1289 4077 hi
1314 4037 1389 4100 quos
1413 4016 1494 4096 dici,
1519 4017 1563 4081 il·

531 4037 644 4164 lustres
660 4114 732 4181 prae
751 4098 858 4162 ceteris
873 4097 1072 4164 habebantur.
1112 4097 1259 4163 Omnibus
1273 4098 1373 4185 igitur
1387 4102 1470 4165 nario
1483 4115 1566 4178 tem·

528 4200 604 4270 pore
617 4183 817 4251 diremimode
832 4206 868 4248 ac
881 4199 1086 4269 saepenumero
1100 4185 1134 4248 in
1146 4206 1243 4248 unum
1259 4185 1443 4266 comacinas,
1453 4188 1566 4254 multae

533 4269 755 4356 disputationes
775 4281 805 4344 et
827 4269 1011 4356 quaestiones
1029 4270 1062 4334 in
1082 4293 1141 4354 uno
1164 4292 1261 4357 noque
1282 4293 1419 4337 consessu
1432 4274 1568 4360 agitatae

534 4357 631 4436 sunt,
654 4379 721 4420 cum
743 4355 813 4430 hinc
834 4355 1056 4427 Samosatensis
1073 4292 1192 4421 Paulus
1202 4356 1368 4443 dogmatis
1381 4358 1430 4432 sui
1444 4360 1583 4432 nocitor*

535 4451 597 4518 tem
612 4442 763 4506 occultare
776 4440 875 4506 adhuc
889 4441 1039 4509 niteretur
1046 4467 1059 4521 ,·
1076 4440 1165 4505 illinc
1179 4441 1355 4508 Sacerdotes
1370 4443 1512 4508 haeresim
1527 4445 1569 4510 ib·

536 4526 598 4593 lias
611 4539 641 4591 et
663 4527 807 4591 aduersus
823 4526 980 4590 Christum
1001 4524 1222 4612 blasphemiam
1245 4528 1399 4592 denudare
1417 4541 1511 4615 atque
1534 4532 1568 4596 in

535 4612 670 4686 medium
687 4611 852 4697 producere
873 4610 1058 4687 laborarent.
1094 4612 1181 4676 Dum
1195 4611 1263 4676 haec
1282 4626 1429 4701 aguntur,
1444 4616 1568 4701 Diony·

536 4697 600 4773 sias
621 4708 793 4771 extremum
814 4697 895 4762 diem
917 4696 1004 4779 obiit,
1023 4719 1103 4763 anno
1121 4697 1318 4785 principatus
1336 4698 1476 4765 Gallieni
1493 4701 1569 4775 dua,-
