4092 5675
569 781 623 832 20'
902 756 1261 826 ANNOTATIONES

565 934 659 999 'tione
680 928 1022 998 librorum'sacrorum
1046 931 1087 996 ab
1109 929 1267 995 haereticis
1289 927 1515 1006 tentam-hec
1536 925 1619 1005 ait3'·

571 1024 659 1083 Κατὰ
683 1025 730 1096 τῆς
758 1016 858 1104 (orirer
889 1016 1087 1099 (Artemonis
1112 1030 1210 1102 atque
1233 1012 1409 1094 Theodoti)
1438 1012 1568 1099 αἱρέσεως
1593 1018 1608 1076 l

572 1105 687 1189 cplupos
702 1104 857 1190 συνεγρᾶφη
873 1101 1055 1189 Atriden-305,
1068 1100 1096 1164 dr
1113 1126 1181 1176 τινες
1200 1100 1361 1189 Ὠςιγένους
1371 1097 1619 1181 'homininum-

572 1189 697 1272 ποίημα,
710 1194 777 1253 ἀλλ’
792 1194 809 1251 -i
825 1192 978 1274 χαρακτὴρ
994 1187 1109 1273 ἐλέγχει
1122 1188 1185 1262 τοὺς
1197 1186 1344 1272 λίγοντας.
1365 1182 1422 1248 lib.
1433 1184 1466 1249 ii.
1481 1184 1617 1250 Haeret.-

574 1276 650 1341 Fal.
666 1297 705 1338 ca
729 1290 800 1338 .5.-
1434 1283 1436 1288 '

586 1397 589 1402 ·
617 1297 782 1426 Caeteium
803 1358 845 1423 de
864 1358 1054 1445 Labyrinthi
1075 1358 1171 1423 titulo
1185 1358 1255 1421 baec
1269 1356 1367 1421 habet
1381 1358 1616 1443 Lemoynaeum·

579 1448 651 1513 Vnt.
667 1444 753 1510 sarr.
768 1459 849 1510 tom.
860 1445 893 1508 ii.
908 1466 939 1529 p.
951 1458 1021 1523 942.
1043 1443 1295 1531 “Labyrinthus
1313 1459 1518 1528 parvus-nou
1531 1463 1611 1529 pro·

574 1539 596 1588 ‘t
612 1532 679 1620 prie
693 1554 713 1595 a
728 1533 843 1609 forma,
858 1530 916 1595 sed
935 1553 955 1593 a
976 1529 1138 1593 rationum
1159 1528 1300 1615 pondere
1314 1528 1390 1592 etri
1406 1549 1524 1592 nomen
1540 1550 1612 1592 sor·

575 1624 598 1660 “
612 1619 690 1683 titus
704 1617 838 1693 videtur,
853 1638 925 1701 quae
941 1615 985 1677 ita
1000 1614 1192 1678 adversarios
1206 1614 1416 1699 stringebant,
1431 1625 1469 1677 ut
1483 1614 1525 1679 ab
1538 1613 1611 1677 illa-

575 1710 598 1746 “
614 1726 682 1768 rum
700 1702 835 1766 flexibus
855 1721 917 1764 non
938 1711 1070 1786 possent
1087 1721 1122 1764 se
1143 1700 1289 1776 liberare,
1311 1714 1345 1765 et
1361 1720 1557 1785 quocunque
1576 1721 1617 1763 se

575 1797 598 1830 ‘¹
614 1802 781 1866 verterent,
798 1788 935 1851 irretitos
952 1802 1145 1870 cogerentur
1159 1807 1193 1849 se
1208 1785 1360 1871 profiteri.
1404 1785 1500 1849 Unde
1516 1806 1613 1849 voca-

575 1882 597 1914 “
613 1888 666 1938 tur
686 1872 855 1954 σπούὸατμα
877 1872 1070 1953 memetipsum.
1102 1872 1181 1935 Eut.
1203 1870 1259 1935 lib.
1280 1895 1309 1935 v,
1328 1892 1399 1955 cap.
1419 1885 1478 1934 2ss
1491 1868 1613 1956 magna

575 1967 680 2022 “arte
696 1973 728 2022 et
744 1958 853 2021 labore
874 1957 1100 2020 adornatum.''
1143 1959 1262 2021 Utrum
1283 1971 1390 2020 autem
1413 1968 1526 2019 contra
1545 1956 1614 2020 At·¹

575 2060 738 2108 temonem
763 2065 819 2106 sua
840 2042 989 2106 direxerit
1010 2057 1122 2107 auctor
1145 2042 1242 2128 hujus
1264 2041 1375 2120 libelli,
1420 2041 1613 2106 uaestionem

576 2144 684 2195 movet
699 2129 739 2192 ol.
754 2127 1003 2213 Wesselingius,
1018 2127 1150 2192 Probat.
1169 2150 1240 2214 cap.
1251 2135 1300 2191 26.
1318 2149 1382 2213 qua
1395 2064 1436 2190 de
1450 2149 1485 2190 re
1499 2140 1614 2213 postea

576 2215 618 2280 ad
645 2213 841 2279 Antiocheni
871 2212 1010 2277 Concilii
1037 2215 1228 2301 fragmenta,
1253 2214 1286 2277 in
1310 2213 1428 2298 quibus
1453 2214 1614 2279 Artemon

576 2312 862 2378 commemoratur,
877 2300 970 2385 plura
982 2299 1138 2364 dicemus.
1181 2301 1213 2363 Is
1228 2300 1358 2377 interea,
1373 2310 1471 2376 recte,
1487 2299 1615 2383 opinor,
1673 2359 1675 2362 ,

577 2388 715 2465 monuit,
729 2408 793 2450 non
809 2408 938 2450 necesse
955 2407 1036 2462 esse,
1050 2401 1088 2450 ut
1105 2385 1235 2450 Eusebii
1251 2384 1345 2448 verba
1363 2383 1409 2448 ita
1428 2383 1616 2469 alligentur,

600 2473 670 2537 uasi
679 2472 838 2537 Artemon
853 2473 919 2557 ipse
932 2494 951 2535 a
964 2472 1119 2556 scriptore
1132 2472 1341 2556 impugnatus
1354 2481 1450 2548 esset,
1459 2470 1520 2534 etsi
1533 2491 1616 2533 con·

615 2570 734 2622 tar-etur
755 2558 798 2620 ab
820 2578 859 2620 eo
879 2556 1020 2633 haeresis,
1036 2579 1110 2641 quae
1126 2556 1313 2619 Artemonia
1327 2566 1440 2641 postea
1454 2553 1617 2641 appellata

577 2654 639 2707 eet.
675 2641 773 2705 Certe
788 2642 821 2704 in
836 2640 886 2705 his
901 2640 1101 2740 Fragmentis
1114 2641 1304 2705 Theodotus
1317 2653 1469 2729 tanquam
1485 2641 1616 2707 haeresis

576 2733 625 2805 τῆς
650 2724 810 2813 spurcitiae
834 2740 947 2790 auctor
970 2738 1146 2807 incusatur,
1170 2748 1236 2791 non
1257 2725 1427 2791 Artemon.
1470 2727 1513 2790 Et
1537 2748 1617 2791 mox

578 2834 711 2901 quoque
732 2824 805 2900 post
825 2812 960 2898 primam
982 2817 1057 2900 ῥῆσιν
1077 2811 1248 2878 adductam
1270 2812 1316 2877 ait
1336 2811 1493 2877 Eusebius
1514 2810 1556 2877 de
1575 2812 1617 2878 li-

577 2899 655 2963 belli
670 2899 837 2984 scriptore,
849 2899 1024 2984 προστῖθησι
1044 2900 1071 2960 δὲ
1092 2905 1105 2961 l
1125 2901 1158 2962 ri
1176 2896 1369 2984 προειρημένον
1388 2899 1527 2976 συντάξας
1546 2901 1617 2985 περὶ

559 3049 560 3052 ,
578 2993 628 3048 τοῦ
646 2983 834 3072 κατάρξαντος
852 2990 900 3061 τῆς
922 2983 1088 3062 δηλωθείσης
1108 2984 1235 3072 αἱρέσεως
1246 2984 1371 3065 liliatas,
1388 2985 1435 3048 καὶ
1450 2983 1540 3062 ἄλλην
1554 2986 1615 3050 &c.

579 3071 631 3135 Sit
651 3092 727 3135 sane
750 3069 806 3148 ita,
828 3069 879 3133 vix
900 3069 982 3133 illud
1004 3083 1112 3134 tamen
1135 3092 1175 3134 ex
1204 3071 1344 3135 Eusebio
1366 3070 1518 3156 colligere
1543 3070 1618 3156 quis

603 3156 710 3235 oterit,
733 3154 932 3220 existimasse
958 3175 1046 3234 eum,
1068 3156 1278 3221 Artemonem
1305 3156 1347 3220 ad
1372 3169 1521 3242 tempora
1546 3179 1617 3236 soa,

578 3177 667 3307 iaud
690 3241 796 3305 minus
821 3255 917 3328 atque
944 3241 1078 3306 Paulum
1104 3242 1195 3306 illum
1221 3244 1478 3318 Samosatenum,
1505 3263 1618 3327 perve-

580 3328 676 3393 nisse.
722 3327 881 3392 Consules
896 3328 991 3392 verba
1005 3326 1075 3415 ejus
1091 3329 1182 3392 initio
1198 3327 1293 3436 hujus
1310 3341 1395 3391 notae
1410 3327 1526 3412 posita.
1600 3363 1603 3369 ·

626 3415 659 3477 P.
672 3427 702 3490 7.
717 3413 739 3477 l.
752 3427 781 3477 8.
804 3420 859 3477 τῶν
882 3413 1013 3500 Birta-opos
1035 3413 1157 3502 χρόνων]
1182 3439 1291 3499 χρονων
1311 3418 1366 3476 τῶν
1387 3412 1519 3500 Βίκτορος
1538 3413 1618 3478 MS.

580 3499 676 3571 Budl.
692 3521 748 3562 seu
763 3499 861 3563 Savil.

626 3584 711 3647 lbid.
725 3583 747 3646 l.
761 3602 792 3662 9.
814 3585 867 3647 ἀπὸ
882 3584 910 3646 δὲ
923 3589 970 3646 τοῦ
986 3582 1114 3668 διαδόχου
1129 3587 1201 3647 αὐτό
1217 3581 1362 3666 Zapaplve,
1375 3611 1405 3647 ar
1441 3583 1618 3669 ακεχαρᾶχ-

580 3672 643 3756 Sar]
663 3668 723 3732 Sed
744 3668 781 3731 nl
803 3669 867 3752 ejus
887 3689 1056 3732 successore
1076 3666 1252 3754 Zephyritis
1266 3668 1373 3756 fuisse
1434 3667 1618 3734 alteratam.

581 3754 683 3843 Quod
697 3775 771 3817 cum
788 3753 934 3818 Valesius
950 3754 1064 3818 Latine
1078 3755 1130 3822 ita.
1137 3753 1287 3832 reddidit,
1297 3776 1317 3816 a
1327 3753 1501 3841 Zephyrini
1514 3765 1619 3818 autem

580 3838 778 3926 temporilm,
800 3839 855 3925 qui
877 3838 995 3904 Victori
1017 3840 1170 3916 successit,
1192 3839 1403 3904 adulteratum
1413 3840 1531 3926 sitisse,
1554 3862 1620 3905 non

580 3927 659 3992 satis
673 3926 827 4011 expressit
847 3925 910 3989 hoc
931 3925 1061 4011 ipsimet
1082 3925 1269 4012 Zephyrino
1284 3927 1326 3990 ab
1340 3926 1519 3991 Artemone
1532 3926 1620 4013 ejus·

580 4033 646 4100 que
667 4010 795 4074 asseclis
817 4011 915 4074 fuisse
937 4011 1114 4098 objectum.
1157 4013 1351 4098 Anonymus
1374 4010 1559 4098 Zephytino
1574 4035 1620 4075 ae·

577 4097 697 4184 qualis,
712 4118 806 4182 quem
824 4095 1103 4161 Caiumvnonnulli
1117 4110 1242 4182 putant,
1254 4096 1420 4160 mendacia
1432 4097 1621 4162 Artemonis

583 4195 617 4246 et
638 4181 830 4245 asseclarum
851 4181 1010 4260 refellens,
1030 4182 1088 4246 ubi
1104 4183 1281 4260 lustinum,
1300 4180 1495 4261 Miltiadem,
1510 4183 1620 4247 Tatia-

580 4289 674 4345 num,
687 4266 900 4343 Clementem,
914 4268 1072 4331 Irenaeum
1084 4282 1117 4331 et
1129 4268 1321 4331 Melitonem
1334 4268 1508 4343 recensuitt
1524 4267 1621 4332 alios-

609 4373 649 4416 ue
663 4366 769 4416 tacere
783 4373 816 4414 se
831 4351 991 4433 indicavit,
1002 4353 1036 4416 in
1048 4375 1188 4439 quotum
1204 4352 1331 4439 scriptis
1341 4353 1459 4439 pariter
1470 4352 1622 4418 Christus

564 4375 677 4520 ihus
701 4437 796 4500 simul
817 4450 851 4501 et
874 4438 975 4502 homo
995 4439 1207 4523 praedicaturt
1229 4460 1287 4502 eos
1300 4461 1435 4502 summae
1451 4438 1624 4523 impuden-

565 4525 639 4589 ‘tiae
655 4523 773 4607 arguit,
789 4522 876 4608 quod
890 4524 1055 4586 Victorem
1070 4524 1228 4609 impietati
1248 4546 1316 4587 suae
1335 4523 1533 4588 consensisse
1548 4523 1623 4608 glo·

585 4607 758 4686 tiabantur,
772 4623 804 4671 at
829 4631 869 4672 ue
883 4609 944 4673 hac
958 4610 1080 4672 ratione
1095 4611 1262 4674 confutat:
1287 4609 1333 4688 Si,
1346 4619 1383 4673 ut
1398 4609 1499 4686 aiunt,
1515 4609 1548 4672 V
1547 4613 1624 4673 ictor

583 4694 693 4774 andern
713 4631 860 4758 sentieiat
882 4716 957 4781 quae
978 4693 1106 4758 illorum
1125 4695 1211 4760 docet
1232 4694 1396 4780 impletam
1417 4715 1471 4759 cur
1485 4694 1622 4760 Theodo-
