4092 5675
499 768 562 834 260
836 762 1197 832 ANNOTATIONES

546 941 580 1003 P.
595 952 662 1004 1³5.
677 938 699 1002 l.
714 952 743 1001 s.
761 935 803 1000 *Α
828 936 871 1021 ης]
896 938 947 1001 Ita
970 936 1054 1001 Scal.
1074 935 1175 1002 MSS.
1196 935 1301 1002 Paris.
1327 936 1543 1004 firmantibus.

503 1024 560 1091 sed
571 1022 612 1087 *A
639 1050 661 1098 ις
678 1022 790 1109 Syncel
804 1045 874 1087 uso
891 1022 992 1088 Gooro
1005 1022 1117 1088 editos.

547 1110 598 1174 Ibi
624 1156 631 1172 .
648 1110 669 1176 l.
682 1128 713 1188 9.
737 1107 796 1194 ἔτη]
814 1110 889 1174 Ηοο
904 1108 1026 1173 addidit
1042 1107 1126 1172 Scal.
1139 1129 1214 1172 cum
1229 1106 1358 1196 Σίφπρις
1374 1105 1417 1173 λ’.
1462 1109 1542 1174 Mox

503 1210 579 1347 post
592 1201 658 1295 ὁμσῦ
673 1217 733 1305 pro
747 1198 802 1300 ἐςπ
817 1217 855 1300 ex
869 1193 979 1260 Mstis
993 1193 1099 1306 Paris.
1121 1192 1166 1304 {rr
1187 1194 1327 1341 reposui,
1343 1193 1403 1259 ubi
1418 1209 1453 1260 et
1468 1196 1540 1260 Sca·

529 1281 1324 1447 gfpigdrldrltppppgs:agutrpotpppfppsffpcrzsploem
1347 1387 1367 1429 a
1393 1362 1539 1451 Syncello

507 1416 652 1518 addituin
666 1415 735 1518 est:
756 1450 868 1518 Edidit
882 1396 1026 1537 Scaliger
1039 1460 1094 1515 τῶν
1107 1452 1135 1514 δὲ
1148 1454 1228 1539 τριῶν
1242 1453 1387 1524 lorus-suiv
1403 1450 1449 1530 ἔτη
1464 1448 1538 1528 ψξθ’.

510 1538 615 1624 (τπδ’.)
633 1562 729 1626 quern
744 1551 873 1604 secutus
888 1560 972 1602 sum.

856 1671 1096 1738 DYNASTIA
1126 1672 1187 1737 IV.

552 1792 637 1856 Ibid.
651 1792 674 1856 l.
690 1806 740 1856 28.
763 1794 812 1855 ὑπὸ
827 1789 945 1875 xalta]
962 1789 1144 1877 Ὕπαχέστῖον
1157 1792 1310 1856 mendose
1322 1789 1465 1879 syncelli
1481 1801 1541 1856 leo·

511 1891 559 1944 tor
578 1877 746 1956 Goorious,
759 1877 952 1941 emendante
976 1878 1086 1941 Goaro
1108 1877 1150 1941 ad
1169 1899 1272 1965 marg.
1286 1877 1377 1964 quod
1392 1900 1433 1942 ex
1446 1878 1540 1942 Erue·

511 1964 558 2028 lio
573 1963 661 2050 prius
675 1963 795 2028 fecerat
809 1962 968 2048 Scaliger3
985 1962 1144 2027 Eusebius
1157 1984 1231 2027 vero
1246 1964 1350 2049 Suphi
1365 1964 1438 2049 regi
1452 1964 1542 2028 tertio

510 2051 585 2116 loco
600 2064 779 2114 memorato
794 2049 865 2113 haec
879 2047 1035 2113 attribuit.
1058 2049 1108 2111 ὑπὸ
1124 2047 1235 2124 Χέοπος
1250 2048 1350 2114 habet
1364 2050 1444 2116 MS.
1464 2048 1543 2134 prior

510 2134 616 2202 Paria.
646 2137 696 2199 ὑπὸ
718 2134 829 2200 Χέοτῖπ
844 2134 924 2199 MS.
940 2133 1032 2199 alter.
1069 2134 1232 2200 Herodoti
1247 2134 1287 2199 de
1304 2134 1442 2221 Cheope
1457 2136 1543 2201 locus

511 2235 562 2286 est
575 2222 608 2285 in
622 2220 680 2285 lib.
691 2220 726 2286 ii.
741 2241 811 2307 cap.
829 2233 896 2286 124.
931 2220 1097 2285 Diodorus
1117 2242 1193 2285 vero
1215 2220 1272 2285 lib.
1285 2222 1312 2285 I.
1328 2228 1463 2307 captio.
1478 2221 1545 2286 hac

509 2307 620 2386 habet,
632 2305 743 2389 Χέμμις
756 2307 819 2392 (vel
833 2304 960 2390 Χέμὸης)
977 2311 990 2369 ὁ
1005 2305 1153 2389 Μεμφίτης
1166 2304 1229 2393 ἦρξε
1242 2308 1295 2388 μὲν
1310 2306 1356 2384 ἔτη
1369 2307 1545 2386 πεντήκοντα,

513 2391 704 2457 κατεσκεύασε
719 2394 751 2502 di
770 2396 818 2471 τὴν
835 2392 952 2478 miens
965 2400 1018 2456 τῶν
1034 2399 1113 2500 τριῶν
1125 2391 1295 2480 πυραμίδων,
1309 2401 1363 2457 τῶν
1377 2398 1406 2458 ἐν
1418 2397 1476 2469 τοῖς
1489 2395 1547 2458 §stt

511 2477 1197 2649 ”inflatos‘tl‘⁵.t.“3.tzt⁴tt·a..
1218 2562 1340 2648 aa...]
1370 2564 1424 2628 ra
1449 2561 1548 2630 aaa

513 2650 658 2735 Scaliger
680 2664 755 2735 post
777 2649 909 2714 Eusebii
930 2648 1135 2735 Dynastiam,
1154 2649 1211 2714 ubi
1231 2650 1302 2714 haec
1322 2663 1445 2730 extant,
1459 2648 1489 2725 s.
1502 2651 1547 2716 sal

512 2734 653 2844 orapo‘rlag
673 2739 709 2809 εἰς
729 2733 806 2809 Θτὲς
821 2733 947 2821 γέγονεν,
960 2737 996 2809 ὥς
1007 2735 1218 2817 μετανοήσαντα
1230 2736 1312 2800 αὐτὸν
1324 2738 1373 2813 τὴν
1388 2740 1462 2821 ἱερὰν
1534 2771 1548 2786 ·

513 2822 625 2907 γραψπ
639 2817 750 2900 oleata,
763 2820 792 2898 ἢν
806 2822 841 2894 ὥς
854 2818 933 2905 μέγα
941 2825 1045 2906 χρῆμα
1057 2820 1198 2907 Αἰγῦτῖπι
1209 2820 1383 2908 περιέπουσι.
1413 2821 1514 2910 Syme
1539 2820 1549 2885 i

515 2917 620 2975 textus
635 2905 733 2970 habet
750 2906 912 2991 ὁΠερόπΊης
926 2927 984 2991 pro
996 2906 1147 2992 ὑπερέτῖης,
1161 2919 1195 2972 et
1208 2908 1336 2972 Goarus
1351 2908 1457 2987 vertit,
1472 2908 1549 2973 idern

513 2994 662 3076 Peroptes
675 2991 787 3056 dictus.
831 2990 919 3055 Hinc
935 2991 1076 3057 Joannes
1100 2992 1317 3073 Marshamus,
1334 2994 1381 3057 vir
1401 2994 1550 3059 eruditis·

513 3077 625 3156 simus,
639 3077 672 3143 in
689 3075 837 3142 Chronico
852 3077 974 3142 (ἔσπασε
988 3100 1049 3141 suo
1064 3079 1106 3142 ad
1119 3100 1196 3165 pag.
1212 3095 1262 3143 51.
1277 3080 1387 3143 locum
1403 3080 1451 3146 ita
1464 3093 1549 3145 attu-

513 3162 564 3243 lit,
576 3160 639 3238 ἔτος
653 3163 681 3226 li
695 3164 717 3262 ’l’
732 3162 865 3249 rapto'rrln5
878 3168 914 3237 εἰς
929 3161 1006 3237 Θεὲς
1021 3163 1141 3248 ἐγένετο,
1156 3165 1205 3228 llic
1218 3165 1314 3229 etiam
1329 3165 1550 3252 contemplator

513 3247 547 3313 in
561 3250 646 3315 Deos
649 3248 733 3336 sort,
749 3249 884 3336 praelato
899 3248 962 3313 hoc
982 3251 1174 3314 Eusebianae
1188 3250 1331 3329 lectioni,
1346 3264 1465 3337 utpote
1480 3273 1549 3338 quae

536 3335 671 3401 osterior
698 3348 748 3399 est
776 3335 943 3415 Africano,
970 3335 1025 3421 qui
1052 3335 1159 3401 bausit
1183 3359 1241 3399 sua
1268 3357 1307 3400 ex
1335 3337 1548 3403 Manethone.

512 3357 648 3507 lropter
671 3419 706 3485 id
731 3442 806 3485 vero
827 3443 903 3485 cum
928 3442 1005 3485 voce
1032 3443 1090 3486 sua
1113 3420 1203 3485 nihili
1224 3421 1367 3506 σεριότῖης
1387 3422 1477 3487 idem
1499 3422 1550 3487 ille

513 3505 721 3571 Marshamus
735 3504 864 3592 vapulat
878 3527 897 3570 a
913 3507 1079 3571 Perizonio
1093 3507 1126 3571 in
1137 3507 1276 3594 AEgypt.
1294 3506 1383 3595 Orig.
1401 3507 1549 3596 Investig.

513 3613 585 3677 cap.
597 3591 659 3656 xiv.
699 3603 789 3667 .272.
831 3592 908 3678 Qua
931 3592 1063 3678 quidem
1088 3615 1123 3657 re
1147 3592 1282 3657 fortasse
1304 3593 1467 3679 ignorata,
1488 3593 1550 3661 huc

512 3676 624 3745 attulit
684 3676 853 3741 anethonis
873 3677 983 3742 locum
1006 3676 1092 3765 apud
1113 3679 1292 3764 Josephum
1315 3680 1434 3743 Contra
1450 3679 1550 3764 Apio·

512 3785 573 3828 nen
587 3762 643 3826 lib.
659 3764 685 3826 I.
708 3783 779 3848 cap.
795 3768 844 3826 26.
864 3763 904 3826 cl.
919 3764 1162 3829 Warburtonus
1179 3764 1213 3828 in
1228 3764 1306 3828 Dio.
1320 3765 1437 3852 Legat.
1450 3764 1550 3831 Moris

512 3848 570 3914 lib.
583 3847 616 3912 ii.
632 3860 709 3912 sect.
722 3861 754 3912 4.
768 3869 800 3934 p.
813 3854 882 3915 263.
899 3847 962 3913 vol.
978 3848 1004 3912 I.
1029 3849 1069 3913 de
1091 3850 1285 3935 Amenophe
1305 3871 1383 3935 rege
1397 3851 1477 3915 item
1492 3851 1550 3917 AE-

512 3934 640 4021 gyptio,
653 3934 710 4020 qui
724 3933 874 3998 ultimum
889 3933 998 3999 locum
1013 3935 1113 4000 habet
1127 3936 1296 4022 Dynastiae
1311 3935 1449 4000 decimae
1463 3950 1551 4001 oeta·

500 4042 572 4097 ·vae,
588 4020 664 4096 Φησὶ
683 4019 866 4103 (Manetho)
885 4028 978 4085 τοῦτον
998 4024 1165 4104 ἐπιθυμῆσαι(
1187 4025 1267 4084 Θεῶν
1289 4021 1433 4129 γεγονέναι
1448 4026 1551 4087 ΘΕΑ·

513 4109 614 4182 ΤΗΝ,
627 4103 717 4191 ὥσπερ
734 4102 821 4190 Ὧρος
840 4105 875 4179 εἷς
892 4112 945 4169 τῶν
964 4108 1023 4192 erpi
1045 4111 1127 4171 αὐτοῦ
1146 4104 1387 4186 βεὸασιλευκστπν
1401 4107 1463 4171 διο.
1480 4130 1552 4209 quae

513 4188 646 4275 quidem
663 4211 724 4252 vox
741 4194 842 4268 θεατὴν
863 4190 950 4276 apud
965 4191 1156 4276 Josephum,
1171 4191 1256 4255 sicut
1271 4191 1365 4270 infra,
1380 4205 1553 4278 exponitur

556 4297 572 4338 r
584 4275 615 4336 τὸ
630 4275 718 4348 Θεσὺς
733 4277 804 4339 ἰδεῖν.
836 4275 942 4342 Addit
955 4276 1020 4356 ille,
1035 4277 1125 4362 quod
1139 4298 1213 4342 vero
1227 4276 1314 4341 haud
1329 4276 1479 4343 absimile
1493 4290 1552 4357 est,

513 4295 703 4433 bisetium,
718 4379 792 4424 cum
816 4382 927 4427 vocem
949 4360 1087 4448 ὑπερότῖης
1107 4362 1310 4449 praetulisset,
1326 4361 1390 4427 loci
1410 4362 1474 4429 sibi
1492 4363 1553 4451 ipsi

512 4442 706 4512 conciliandi
740 4465 838 4510 causa
869 4447 1121 4533 resipiscentiam
1150 4447 1236 4534 regis
1269 4469 1553 4515 commemorasse.

420 4610 423 4616 Ι
512 4534 604 4610 Esto,
618 4552 659 4594 en
680 4551 754 4594 vero
774 4552 858 4597 nunc
871 4533 1005 4597 demum
1019 4533 1155 4598 alterum
1171 4555 1210 4597 ex
1224 4533 1334 4598 MStis
1347 4533 1508 4599 Parisim‘s
1520 4533 1553 4601 in

512 4615 659 4704 Africani
673 4636 804 4702 quoque
818 4618 920 4685 verbis
942 4618 996 4685 hic
1018 4619 1133 4707 positis
1152 4620 1255 4706 ipsam
1276 4620 1451 4688 lectionem
1466 4626 1552 4710 ὑτις-

511 4702 585 4782 ότῖης
600 4702 868 4789 suppeditantem.
