<?xml version="1.0" encoding="UTF-8"?>
<!DOCTYPE html PUBLIC "-//W3C//DTD XHTML 1.0 Transitional//EN"
    "http://www.w3.org/TR/xhtml1/DTD/xhtml1-transitional.dtd">
<html xmlns="http://www.w3.org/1999/xhtml" xml:lang="en" lang="en">
 <head>
  <title>
</title>
<meta http-equiv="Content-Type" content="text/html;charset=utf-8" />
  <meta name='ocr-system' content='tesseract 3.04.00' />
  <meta name='ocr-capabilities' content='ocr_page ocr_carea ocr_par ocr_line ocrx_word'/>
</head>
<body>
  <div class='ocr_page' id='page_1' title='image "./reliquiaesacrae09routgoog_0226.png"; bbox 0 0 4092 5675; ppageno 0'>
   <div class='ocr_carea' id='block_1_1' title="bbox 625 779 1321 856">
    <p class='ocr_par' dir='ltr' id='par_1_1' title="bbox 625 779 1321 856">
     <span class='ocr_line' id='line_1_1' title="bbox 625 779 1321 856; baseline -0.009 -2"><span class='ocrx_word' id='word_1_1' title='bbox 625 785 685 856; x_wconf 69' lang='lat' dir='ltr'><strong>aad</strong></span> <span class='ocrx_word' id='word_1_2' title='bbox 961 779 1321 850; x_wconf 85' lang='lat' dir='ltr'><strong>ANNOTATIONES</strong></span> 
     </span>
    </p>
   </div>
   <div class='ocr_carea' id='block_1_2' title="bbox 624 951 1657 1363">
    <p class='ocr_par' dir='ltr' id='par_1_2' title="bbox 624 951 1657 1127">
     <span class='ocr_line' id='line_1_2' title="bbox 624 951 1657 1039; baseline 0.002 -19"><span class='ocrx_word' id='word_1_3' title='bbox 624 976 741 1021; x_wconf 81' lang='lat' dir='ltr'><strong>senone</strong></span> <span class='ocrx_word' id='word_1_4' title='bbox 759 954 792 1018; x_wconf 89' lang='lat' dir='ltr'><strong>in</strong></span> <span class='ocrx_word' id='word_1_5' title='bbox 811 951 1026 1019; x_wconf 81' lang='lat' dir='ltr'><strong>Divinatione.</strong></span> <span class='ocrx_word' id='word_1_6' title='bbox 1050 953 1191 1038; x_wconf 73' lang='grc' dir='ltr'><strong>ῖορὸὃοολοο</strong></span> <span class='ocrx_word' id='word_1_7' title='bbox 1206 956 1411 1020; x_wconf 86' lang='lat' dir='ltr'><strong>nominantur</strong></span> <span class='ocrx_word' id='word_1_8' title='bbox 1425 951 1524 1020; x_wconf 84' lang='lat' dir='ltr'><strong>etiam</strong></span> <span class='ocrx_word' id='word_1_9' title='bbox 1538 951 1657 1039; x_wconf 76' lang='lat' dir='ltr'><strong>Esdra,</strong></span> 
     </span>
     <span class='ocr_line' id='line_1_3' title="bbox 624 1040 1211 1127; baseline -0.007 -18"><span class='ocrx_word' id='word_1_10' title='bbox 624 1062 695 1127; x_wconf 91' lang='lat' dir='ltr'><strong>cap.</strong></span> <span class='ocrx_word' id='word_1_11' title='bbox 710 1040 772 1105; x_wconf 90' lang='lat' dir='ltr'><strong>viii.</strong></span> <span class='ocrx_word' id='word_1_12' title='bbox 800 1043 1009 1105; x_wconf 74' lang='lat' dir='ltr'><strong>Vacssrus&#39;.</strong></span> <span class='ocrx_word' id='word_1_13' title='bbox 1032 1040 1073 1103; x_wconf 89' lang='lat' dir='ltr'><strong>ad</strong></span> <span class='ocrx_word' id='word_1_14' title='bbox 1088 1061 1159 1125; x_wconf 91' lang='lat' dir='ltr'><strong>cap.</strong></span> <span class='ocrx_word' id='word_1_15' title='bbox 1171 1040 1211 1105; x_wconf 93' lang='lat' dir='ltr'><strong>vi.</strong></span> 
     </span>
    </p>

    <p class='ocr_par' dir='ltr' id='par_1_3' title="bbox 625 1126 1657 1363">
     <span class='ocr_line' id='line_1_4' title="bbox 669 1126 1657 1213; baseline 0 -21"><span class='ocrx_word' id='word_1_16' title='bbox 669 1128 704 1192; x_wconf 87' lang='lat' dir='ltr'><strong>P.</strong></span> <span class='ocrx_word' id='word_1_17' title='bbox 720 1142 786 1190; x_wconf 83' lang='lat'><strong>121.</strong></span> <span class='ocrx_word' id='word_1_18' title='bbox 800 1126 822 1190; x_wconf 90' lang='lat' dir='ltr'><strong>l.</strong></span> <span class='ocrx_word' id='word_1_19' title='bbox 833 1133 862 1190; x_wconf 85' lang='lat'><strong>6.</strong></span> <span class='ocrx_word' id='word_1_20' title='bbox 885 1126 991 1210; x_wconf 78' lang='grc' dir='ltr'><strong>σάλοις]</strong></span> <span class='ocrx_word' id='word_1_21' title='bbox 1010 1126 1155 1213; x_wconf 75' lang='grc' dir='ltr'><strong>ἱεροσύλοις</strong></span> <span class='ocrx_word' id='word_1_22' title='bbox 1169 1126 1216 1190; x_wconf 85' lang='lat' dir='ltr'><strong>ed.</strong></span> <span class='ocrx_word' id='word_1_23' title='bbox 1233 1126 1339 1211; x_wconf 79' lang='lat' dir='ltr'><strong>Stepl.</strong></span> <span class='ocrx_word' id='word_1_24' title='bbox 1354 1127 1527 1192; x_wconf 68' lang='lat' dir='ltr'><strong>Sakorsa.</strong></span> <span class='ocrx_word' id='word_1_25' title='bbox 1555 1127 1657 1207; x_wconf 74' lang='grc' dir='ltr'><strong>σῦλοος,</strong></span> 
     </span>
     <span class='ocr_line' id='line_1_5' title="bbox 625 1210 1656 1363; baseline 0 -87"><span class='ocrx_word' id='word_1_26' title='bbox 625 1212 714 1363; x_wconf 69' lang='lat' dir='ltr'><strong>pund</strong></span> <span class='ocrx_word' id='word_1_27' title='bbox 734 1213 853 1298; x_wconf 85' lang='lat' dir='ltr'><strong>recepit</strong></span> <span class='ocrx_word' id='word_1_28' title='bbox 870 1211 1028 1290; x_wconf 84' lang='lat' dir='ltr'><strong>Valesius,</strong></span> <span class='ocrx_word' id='word_1_29' title='bbox 1050 1234 1070 1275; x_wconf 92' lang='lat' dir='ltr'><strong>a</strong></span> <span class='ocrx_word' id='word_1_30' title='bbox 1084 1212 1186 1276; x_wconf 90' lang='lat' dir='ltr'><strong>&#39;codd.</strong></span> <span class='ocrx_word' id='word_1_31' title='bbox 1210 1212 1326 1276; x_wconf 90' lang='lat' dir='ltr'><strong>nostris</strong></span> <span class='ocrx_word' id='word_1_32' title='bbox 1349 1210 1441 1276; x_wconf 82' lang='lat' dir='ltr'><strong>Bodl.</strong></span> <span class='ocrx_word' id='word_1_33' title='bbox 1464 1226 1498 1278; x_wconf 88' lang='lat' dir='ltr'><strong>et</strong></span> <span class='ocrx_word' id='word_1_34' title='bbox 1519 1212 1656 1299; x_wconf 86' lang='lat' dir='ltr'><strong>Norfolc.</strong></span> 
     </span>
     <span class='ocr_line' id='line_1_6' title="bbox 636 1323 645 1362; baseline 0 0"><span class='ocrx_word' id='word_1_35' title='bbox 636 1323 645 1362; x_wconf 83' lang='lat' dir='ltr'><strong>r</strong></span> 
     </span>
    </p>
   </div>
   <div class='ocr_carea' id='block_1_3' title="bbox 619 1295 1668 4721">
    <p class='ocr_par' dir='ltr' id='par_1_4' title="bbox 619 1295 1668 4721">
     <span class='ocr_line' id='line_1_7' title="bbox 647 1295 1657 1384; baseline 0.001 -22"><span class='ocrx_word' id='word_1_36' title='bbox 647 1312 780 1376; x_wconf 89' lang='lat' dir='ltr'><strong>rmatnr,</strong></span> <span class='ocrx_word' id='word_1_37' title='bbox 795 1310 828 1361; x_wconf 91' lang='lat' dir='ltr'><strong>et</strong></span> <span class='ocrx_word' id='word_1_38' title='bbox 842 1298 875 1361; x_wconf 91' lang='lat' dir='ltr'><strong>in</strong></span> <span class='ocrx_word' id='word_1_39' title='bbox 893 1295 1067 1382; x_wconf 80' lang='lat' dir='ltr'><strong>Christoplr.</strong></span> <span class='ocrx_word' id='word_1_40' title='bbox 1084 1297 1185 1361; x_wconf 85' lang='lat' dir='ltr'><strong>Lectt.</strong></span> <span class='ocrx_word' id='word_1_41' title='bbox 1203 1312 1301 1383; x_wconf 83' lang='lat' dir='ltr'><strong>atque</strong></span> <span class='ocrx_word' id='word_1_42' title='bbox 1315 1298 1358 1362; x_wconf 90' lang='lat' dir='ltr'><strong>ad</strong></span> <span class='ocrx_word' id='word_1_43' title='bbox 1372 1318 1458 1361; x_wconf 83' lang='lat' dir='ltr'><strong>oram</strong></span> <span class='ocrx_word' id='word_1_44' title='bbox 1473 1298 1657 1384; x_wconf 79' lang='lat' dir='ltr'><strong>excarploris</strong></span> 
     </span>
     <span class='ocr_line' id='line_1_8' title="bbox 625 1381 1414 1468; baseline 0.001 -22"><span class='ocrx_word' id='word_1_45' title='bbox 625 1384 766 1468; x_wconf 81' lang='lat' dir='ltr'><strong>impressi</strong></span> <span class='ocrx_word' id='word_1_46' title='bbox 784 1383 817 1448; x_wconf 83' lang='lat' dir='ltr'><strong>ia</strong></span> <span class='ocrx_word' id='word_1_47' title='bbox 835 1382 1008 1447; x_wconf 84' lang='lat' dir='ltr'><strong>Bodleiano</strong></span> <span class='ocrx_word' id='word_1_48' title='bbox 1021 1381 1160 1447; x_wconf 76' lang='lat' dir='ltr'><strong>biblioth.</strong></span> <span class='ocrx_word' id='word_1_49' title='bbox 1174 1397 1338 1448; x_wconf 83' lang='lat' dir='ltr'><strong>exaratum</strong></span> <span class='ocrx_word' id='word_1_50' title='bbox 1354 1397 1414 1450; x_wconf 89' lang='lat' dir='ltr'><strong>est.</strong></span> 
     </span>
     <span class='ocr_line' id='line_1_9' title="bbox 669 1468 1657 1557; baseline 0.002 -24"><span class='ocrx_word' id='word_1_51' title='bbox 669 1469 752 1534; x_wconf 92' lang='lat' dir='ltr'><strong>lbid.</strong></span> <span class='ocrx_word' id='word_1_52' title='bbox 777 1471 798 1534; x_wconf 93' lang='lat' dir='ltr'><strong>l.</strong></span> <span class='ocrx_word' id='word_1_53' title='bbox 818 1484 847 1534; x_wconf 83' lang='lat'><strong>8.</strong></span> <span class='ocrx_word' id='word_1_54' title='bbox 873 1472 919 1533; x_wconf 80' lang='grc' dir='ltr'><strong>τὸν</strong></span> <span class='ocrx_word' id='word_1_55' title='bbox 946 1468 1031 1552; x_wconf 75' lang='grc' dir='ltr'>ἱερέα]</span> <span class='ocrx_word' id='word_1_56' title='bbox 1060 1469 1239 1555; x_wconf 85' lang='lat' dir='ltr'><strong>improprie</strong></span> <span class='ocrx_word' id='word_1_57' title='bbox 1262 1469 1462 1534; x_wconf 87' lang='lat' dir='ltr'><strong>sacerdotem</strong></span> <span class='ocrx_word' id='word_1_58' title='bbox 1488 1481 1585 1534; x_wconf 87' lang='lat' dir='ltr'><strong>vocat</strong></span> <span class='ocrx_word' id='word_1_59' title='bbox 1607 1468 1657 1557; x_wconf 90' lang='lat' dir='ltr'><strong>qui</strong></span> 
     </span>
     <span class='ocr_line' id='line_1_10' title="bbox 623 1554 1657 1639; baseline 0.002 -20"><span class='ocrx_word' id='word_1_60' title='bbox 623 1563 692 1621; x_wconf 78' lang='lat' dir='ltr'><strong>erat</strong></span> <span class='ocrx_word' id='word_1_61' title='bbox 714 1555 913 1619; x_wconf 74' lang='lat' dir='ltr'><strong>hierodulna</strong></span> <span class='ocrx_word' id='word_1_62' title='bbox 956 1555 1070 1639; x_wconf 86' lang='lat' dir='ltr'><strong>Longe</strong></span> <span class='ocrx_word' id='word_1_63' title='bbox 1090 1554 1177 1620; x_wconf 86' lang='lat' dir='ltr'><strong>enirn</strong></span> <span class='ocrx_word' id='word_1_64' title='bbox 1201 1554 1271 1618; x_wconf 91' lang='lat' dir='ltr'><strong>haec</strong></span> <span class='ocrx_word' id='word_1_65' title='bbox 1292 1555 1375 1619; x_wconf 89' lang='lat' dir='ltr'><strong>inter</strong></span> <span class='ocrx_word' id='word_1_66' title='bbox 1395 1576 1430 1619; x_wconf 92' lang='lat' dir='ltr'><strong>se</strong></span> <span class='ocrx_word' id='word_1_67' title='bbox 1450 1555 1606 1622; x_wconf 83' lang='lat' dir='ltr'><strong>differunt</strong></span> <span class='ocrx_word' id='word_1_68' title='bbox 1624 1569 1657 1621; x_wconf 91' lang='lat' dir='ltr'><strong>ut</strong></span> 
     </span>
     <span class='ocr_line' id='line_1_11' title="bbox 620 1639 1657 1727; baseline 0 -21"><span class='ocrx_word' id='word_1_69' title='bbox 620 1661 720 1727; x_wconf 72' lang='lat' dir='ltr'><strong>supra</strong></span> <span class='ocrx_word' id='word_1_70' title='bbox 736 1642 854 1705; x_wconf 87' lang='lat' dir='ltr'><strong>notavi.</strong></span> <span class='ocrx_word' id='word_1_71' title='bbox 897 1639 984 1704; x_wconf 84' lang='lat' dir='ltr'><strong>Fieri</strong></span> <span class='ocrx_word' id='word_1_72' title='bbox 994 1652 1101 1703; x_wconf 89' lang='lat' dir='ltr'><strong>tamen</strong></span> <span class='ocrx_word' id='word_1_73' title='bbox 1117 1640 1235 1725; x_wconf 91' lang='lat' dir='ltr'><strong>potuit,</strong></span> <span class='ocrx_word' id='word_1_74' title='bbox 1249 1653 1287 1704; x_wconf 92' lang='lat' dir='ltr'><strong>ut</strong></span> <span class='ocrx_word' id='word_1_75' title='bbox 1310 1640 1394 1704; x_wconf 87' lang='lat' dir='ltr'><strong>idem</strong></span> <span class='ocrx_word' id='word_1_76' title='bbox 1414 1653 1501 1705; x_wconf 87' lang='lat' dir='ltr'><strong>esset</strong></span> <span class='ocrx_word' id='word_1_77' title='bbox 1514 1640 1657 1706; x_wconf 86' lang='lat' dir='ltr'><strong>sacerdos</strong></span> 
     </span>
     <span class='ocr_line' id='line_1_12' title="bbox 623 1725 1658 1810; baseline 0.002 -20"><span class='ocrx_word' id='word_1_78' title='bbox 623 1729 658 1792; x_wconf 81' lang='lat' dir='ltr'><strong>&#39;et</strong></span> <span class='ocrx_word' id='word_1_79' title='bbox 683 1726 904 1801; x_wconf 80' lang='lat' dir='ltr'><strong>Hierodulus3</strong></span> <span class='ocrx_word' id='word_1_80' title='bbox 929 1738 1007 1810; x_wconf 88' lang='lat' dir='ltr'><strong>puta</strong></span> <span class='ocrx_word' id='word_1_81' title='bbox 1027 1725 1055 1790; x_wconf 91' lang='lat' dir='ltr'><strong>si</strong></span> <span class='ocrx_word' id='word_1_82' title='bbox 1077 1725 1147 1788; x_wconf 85' lang='lat' dir='ltr'><strong>haec</strong></span> <span class='ocrx_word' id='word_1_83' title='bbox 1169 1740 1238 1790; x_wconf 89' lang='lat' dir='ltr'><strong>erat</strong></span> <span class='ocrx_word' id='word_1_84' title='bbox 1257 1726 1400 1789; x_wconf 91' lang='lat' dir='ltr'><strong>conditio</strong></span> <span class='ocrx_word' id='word_1_85' title='bbox 1421 1726 1606 1805; x_wconf 84' lang='lat' dir='ltr'><strong>sacerdotii,</strong></span> <span class='ocrx_word' id='word_1_86' title='bbox 1625 1739 1658 1792; x_wconf 90' lang='lat' dir='ltr'><strong>ut</strong></span> 
     </span>
     <span class='ocr_line' id='line_1_13' title="bbox 622 1806 1657 1897; baseline -0.001 -21"><span class='ocrx_word' id='word_1_87' title='bbox 622 1834 688 1876; x_wconf 90' lang='lat' dir='ltr'><strong>non</strong></span> <span class='ocrx_word' id='word_1_88' title='bbox 700 1812 760 1876; x_wconf 86' lang='lat' dir='ltr'><strong>nisi</strong></span> <span class='ocrx_word' id='word_1_89' title='bbox 775 1826 870 1876; x_wconf 77' lang='lat' dir='ltr'><strong>exuta</strong></span> <span class='ocrx_word' id='word_1_90' title='bbox 883 1806 1032 1875; x_wconf 86' lang='lat' dir='ltr'><strong>libertate</strong></span> <span class='ocrx_word' id='word_1_91' title='bbox 1044 1810 1227 1876; x_wconf 87' lang='lat' dir='ltr'><strong>sacerdotes</strong></span> <span class='ocrx_word' id='word_1_92' title='bbox 1236 1823 1436 1897; x_wconf 83' lang='lat' dir='ltr'><strong>caperentur.</strong></span> <span class='ocrx_word' id='word_1_93' title='bbox 1450 1814 1657 1878; x_wconf 68' lang='lat' dir='ltr'><strong>Venustus.</strong></span> 
     </span>
     <span class='ocr_line' id='line_1_14' title="bbox 668 1895 1659 1984; baseline 0.004 -24"><span class='ocrx_word' id='word_1_94' title='bbox 668 1897 750 1961; x_wconf 92' lang='lat' dir='ltr'><strong>lbid.</strong></span> <span class='ocrx_word' id='word_1_95' title='bbox 774 1903 787 1960; x_wconf 77' lang='lat' dir='ltr'><strong>l</strong></span> <span class='ocrx_word' id='word_1_96' title='bbox 807 1895 1001 1983; x_wconf 73' lang='grc' dir='ltr'><strong>Ἀντίπατρος]</strong></span> <span class='ocrx_word' id='word_1_97' title='bbox 1018 1897 1071 1960; x_wconf 91' lang='lat' dir='ltr'><strong>Dc</strong></span> <span class='ocrx_word' id='word_1_98' title='bbox 1092 1896 1278 1981; x_wconf 86' lang='lat' dir='ltr'><strong>Antipatro,</strong></span> <span class='ocrx_word' id='word_1_99' title='bbox 1299 1898 1455 1984; x_wconf 89' lang='lat' dir='ltr'><strong>Hyrcano</strong></span> <span class='ocrx_word' id='word_1_100' title='bbox 1477 1908 1512 1962; x_wconf 89' lang='lat' dir='ltr'><strong>et</strong></span> <span class='ocrx_word' id='word_1_101' title='bbox 1532 1900 1659 1964; x_wconf 87' lang='lat' dir='ltr'><strong>Aristo·</strong></span> 
     </span>
     <span class='ocr_line' id='line_1_15' title="bbox 621 1982 1660 2070; baseline 0.001 -21"><span class='ocrx_word' id='word_1_102' title='bbox 621 1982 702 2049; x_wconf 91' lang='lat' dir='ltr'><strong>bulo</strong></span> <span class='ocrx_word' id='word_1_103' title='bbox 730 1983 833 2048; x_wconf 90' lang='lat' dir='ltr'><strong>multa</strong></span> <span class='ocrx_word' id='word_1_104' title='bbox 856 1982 1018 2068; x_wconf 89' lang='lat' dir='ltr'><strong>Joscphus</strong></span> <span class='ocrx_word' id='word_1_105' title='bbox 1045 1982 1208 2068; x_wconf 90' lang='lat' dir='ltr'><strong>Antiquit.</strong></span> <span class='ocrx_word' id='word_1_106' title='bbox 1228 1983 1284 2047; x_wconf 89' lang='lat' dir='ltr'><strong>lib.</strong></span> <span class='ocrx_word' id='word_1_107' title='bbox 1305 1983 1366 2046; x_wconf 84' lang='lat' dir='ltr'><strong>xiv.</strong></span> <span class='ocrx_word' id='word_1_108' title='bbox 1403 1984 1505 2048; x_wconf 87' lang='lat' dir='ltr'><strong>Fuere</strong></span> <span class='ocrx_word' id='word_1_109' title='bbox 1530 1983 1660 2070; x_wconf 84' lang='lat' dir='ltr'><strong>quidem</strong></span> 
     </span>
     <span class='ocr_line' id='line_1_16' title="bbox 622 2066 1660 2155; baseline 0 -21"><span class='ocrx_word' id='word_1_110' title='bbox 622 2071 797 2155; x_wconf 85' lang='lat' dir='ltr'><strong>Hyrcanos</strong></span> <span class='ocrx_word' id='word_1_111' title='bbox 815 2082 847 2133; x_wconf 92' lang='lat' dir='ltr'><strong>et</strong></span> <span class='ocrx_word' id='word_1_112' title='bbox 863 2066 1072 2135; x_wconf 89' lang='lat' dir='ltr'><strong>Aristobulus</strong></span> <span class='ocrx_word' id='word_1_113' title='bbox 1088 2067 1142 2132; x_wconf 88' lang='lat' dir='ltr'><strong>filii</strong></span> <span class='ocrx_word' id='word_1_114' title='bbox 1157 2067 1337 2133; x_wconf 91' lang='lat' dir='ltr'><strong>Aristobuli</strong></span> <span class='ocrx_word' id='word_1_115' title='bbox 1351 2083 1573 2155; x_wconf 80' lang='lat' dir='ltr'><strong>cognomento</strong></span> <span class='ocrx_word' id='word_1_116' title='bbox 1587 2074 1660 2134; x_wconf 69' lang='lat' dir='ltr'><strong>‘bra-</strong></span> 
     </span>
     <span class='ocr_line' id='line_1_17' title="bbox 621 2153 1661 2240; baseline 0.002 -22"><span class='ocrx_word' id='word_1_117' title='bbox 621 2154 744 2234; x_wconf 76' lang='grc' dir='ltr'><strong>έλληνος,</strong></span> <span class='ocrx_word' id='word_1_118' title='bbox 769 2154 887 2220; x_wconf 88' lang='lat' dir='ltr'><strong>summi</strong></span> <span class='ocrx_word' id='word_1_119' title='bbox 910 2153 1099 2218; x_wconf 87' lang='lat' dir='ltr'><strong>Judaeorum</strong></span> <span class='ocrx_word' id='word_1_120' title='bbox 1125 2153 1312 2231; x_wconf 91' lang='lat' dir='ltr'><strong>sacerdotis,</strong></span> <span class='ocrx_word' id='word_1_121' title='bbox 1336 2154 1391 2240; x_wconf 90' lang='lat' dir='ltr'><strong>qui</strong></span> <span class='ocrx_word' id='word_1_122' title='bbox 1411 2155 1536 2240; x_wconf 86' lang='lat' dir='ltr'><strong>primus</strong></span> <span class='ocrx_word' id='word_1_123' title='bbox 1560 2177 1661 2222; x_wconf 81' lang='lat' dir='ltr'><strong>sacer·</strong></span> 
     </span>
     <span class='ocr_line' id='line_1_18' title="bbox 622 2239 1660 2327; baseline 0.001 -22"><span class='ocrx_word' id='word_1_124' title='bbox 622 2241 749 2308; x_wconf 88' lang='lat' dir='ltr'><strong>dotium</strong></span> <span class='ocrx_word' id='word_1_125' title='bbox 765 2241 798 2305; x_wconf 92' lang='lat' dir='ltr'><strong>in</strong></span> <span class='ocrx_word' id='word_1_126' title='bbox 813 2262 949 2327; x_wconf 82' lang='lat' dir='ltr'><strong>regnum</strong></span> <span class='ocrx_word' id='word_1_127' title='bbox 964 2239 1110 2304; x_wconf 90' lang='lat' dir='ltr'><strong>mutavit.</strong></span> <span class='ocrx_word' id='word_1_128' title='bbox 1140 2240 1265 2304; x_wconf 88' lang='lat' dir='ltr'><strong>Fratres</strong></span> <span class='ocrx_word' id='word_1_129' title='bbox 1280 2253 1400 2318; x_wconf 90' lang='lat' dir='ltr'><strong>autem,</strong></span> <span class='ocrx_word' id='word_1_130' title='bbox 1413 2254 1546 2305; x_wconf 89' lang='lat' dir='ltr'><strong>mortuo</strong></span> <span class='ocrx_word' id='word_1_131' title='bbox 1561 2254 1660 2327; x_wconf 83' lang='lat' dir='ltr'><strong>patre,</strong></span> 
     </span>
     <span class='ocr_line' id='line_1_19' title="bbox 621 2325 1660 2414; baseline 0 -23"><span class='ocrx_word' id='word_1_132' title='bbox 621 2341 735 2392; x_wconf 87' lang='lat' dir='ltr'><strong>contra</strong></span> <span class='ocrx_word' id='word_1_133' title='bbox 748 2348 781 2392; x_wconf 92' lang='lat' dir='ltr'><strong>se</strong></span> <span class='ocrx_word' id='word_1_134' title='bbox 795 2327 835 2390; x_wconf 90' lang='lat' dir='ltr'><strong>de</strong></span> <span class='ocrx_word' id='word_1_135' title='bbox 849 2325 986 2412; x_wconf 91' lang='lat' dir='ltr'><strong>imperio</strong></span> <span class='ocrx_word' id='word_1_136' title='bbox 1001 2325 1199 2403; x_wconf 87' lang='lat' dir='ltr'><strong>dimicantes,</strong></span> <span class='ocrx_word' id='word_1_137' title='bbox 1215 2326 1310 2390; x_wconf 89' lang='lat' dir='ltr'><strong>urbes</strong></span> <span class='ocrx_word' id='word_1_138' title='bbox 1327 2325 1539 2391; x_wconf 89' lang='lat' dir='ltr'><strong>seditionibus</strong></span> <span class='ocrx_word' id='word_1_139' title='bbox 1550 2327 1660 2414; x_wconf 78' lang='lat' dir='ltr'><strong>agita·</strong></span> 
     </span>
     <span class='ocr_line' id='line_1_20' title="bbox 620 2411 1661 2495; baseline -0.002 -16"><span class='ocrx_word' id='word_1_140' title='bbox 620 2413 711 2492; x_wconf 86' lang='lat' dir='ltr'><strong>bant,</strong></span> <span class='ocrx_word' id='word_1_141' title='bbox 726 2427 759 2477; x_wconf 83' lang='lat' dir='ltr'><strong>ct</strong></span> <span class='ocrx_word' id='word_1_142' title='bbox 779 2413 980 2478; x_wconf 86' lang='lat' dir='ltr'><strong>occasionem</strong></span> <span class='ocrx_word' id='word_1_143' title='bbox 1004 2412 1156 2476; x_wconf 89' lang='lat' dir='ltr'><strong>Romanis</strong></span> <span class='ocrx_word' id='word_1_144' title='bbox 1175 2412 1374 2495; x_wconf 74' lang='lat' dir='ltr'><strong>praebebant,</strong></span> <span class='ocrx_word' id='word_1_145' title='bbox 1388 2424 1426 2476; x_wconf 91' lang='lat' dir='ltr'><strong>ut</strong></span> <span class='ocrx_word' id='word_1_146' title='bbox 1442 2411 1594 2477; x_wconf 86' lang='lat' dir='ltr'><strong>Judaeam</strong></span> <span class='ocrx_word' id='word_1_147' title='bbox 1613 2413 1661 2478; x_wconf 89' lang='lat' dir='ltr'><strong>in·</strong></span> 
     </span>
     <span class='ocr_line' id='line_1_21' title="bbox 620 2496 1662 2585; baseline 0 -21"><span class='ocrx_word' id='word_1_148' title='bbox 620 2498 782 2564; x_wconf 88' lang='lat' dir='ltr'><strong>vaderent.</strong></span> <span class='ocrx_word' id='word_1_149' title='bbox 818 2500 932 2583; x_wconf 88' lang='lat' dir='ltr'><strong>Itaque</strong></span> <span class='ocrx_word' id='word_1_150' title='bbox 948 2496 1120 2583; x_wconf 89' lang='lat' dir='ltr'><strong>Pompeius</strong></span> <span class='ocrx_word' id='word_1_151' title='bbox 1136 2497 1398 2584; x_wconf 87' lang='lat' dir='ltr'><strong>Hierosolymam</strong></span> <span class='ocrx_word' id='word_1_152' title='bbox 1412 2497 1554 2577; x_wconf 88' lang='lat' dir='ltr'><strong>veniens,</strong></span> <span class='ocrx_word' id='word_1_153' title='bbox 1569 2510 1662 2585; x_wconf 82' lang='lat' dir='ltr'><strong>capta</strong></span> 
     </span>
     <span class='ocr_line' id='line_1_22' title="bbox 621 2582 1662 2669; baseline 0.001 -21"><span class='ocrx_word' id='word_1_154' title='bbox 621 2586 703 2648; x_wconf 90' lang='lat' dir='ltr'><strong>urbe</strong></span> <span class='ocrx_word' id='word_1_155' title='bbox 725 2597 758 2648; x_wconf 88' lang='lat' dir='ltr'><strong>ct</strong></span> <span class='ocrx_word' id='word_1_156' title='bbox 779 2583 901 2669; x_wconf 90' lang='lat' dir='ltr'><strong>templo</strong></span> <span class='ocrx_word' id='word_1_157' title='bbox 917 2597 1068 2660; x_wconf 89' lang='lat' dir='ltr'><strong>reserato,</strong></span> <span class='ocrx_word' id='word_1_158' title='bbox 1084 2604 1186 2668; x_wconf 88' lang='lat' dir='ltr'><strong>usque</strong></span> <span class='ocrx_word' id='word_1_159' title='bbox 1206 2582 1247 2646; x_wconf 92' lang='lat' dir='ltr'><strong>ad</strong></span> <span class='ocrx_word' id='word_1_160' title='bbox 1264 2583 1382 2648; x_wconf 89' lang='lat' dir='ltr'><strong>Sancta</strong></span> <span class='ocrx_word' id='word_1_161' title='bbox 1399 2583 1595 2648; x_wconf 88' lang='lat' dir='ltr'><strong>Sanctorum</strong></span> <span class='ocrx_word' id='word_1_162' title='bbox 1610 2605 1662 2649; x_wconf 86' lang='lat' dir='ltr'><strong>ac·</strong></span> 
     </span>
     <span class='ocr_line' id='line_1_23' title="bbox 621 2667 1661 2756; baseline 0.003 -24"><span class='ocrx_word' id='word_1_163' title='bbox 621 2669 728 2734; x_wconf 81' lang='lat' dir='ltr'><strong>cedit:</strong></span> <span class='ocrx_word' id='word_1_164' title='bbox 759 2668 986 2735; x_wconf 87' lang='lat' dir='ltr'><strong>Aristobulurn</strong></span> <span class='ocrx_word' id='word_1_165' title='bbox 1009 2668 1151 2733; x_wconf 90' lang='lat' dir='ltr'><strong>vinctum</strong></span> <span class='ocrx_word' id='word_1_166' title='bbox 1173 2689 1284 2732; x_wconf 89' lang='lat' dir='ltr'><strong>secum</strong></span> <span class='ocrx_word' id='word_1_167' title='bbox 1305 2667 1459 2734; x_wconf 67' lang='lat' dir='ltr'><strong>adducite</strong></span> <span class='ocrx_word' id='word_1_168' title='bbox 1490 2669 1661 2756; x_wconf 85' lang='lat' dir='ltr'><strong>pontifica-</strong></span> 
     </span>
     <span class='ocr_line' id='line_1_24' title="bbox 621 2751 1660 2841; baseline 0.002 -23"><span class='ocrx_word' id='word_1_169' title='bbox 621 2767 693 2819; x_wconf 84' lang='lat' dir='ltr'><strong>tum</strong></span> <span class='ocrx_word' id='word_1_170' title='bbox 721 2754 890 2819; x_wconf 86' lang='lat' dir='ltr'><strong>confirmat</strong></span> <span class='ocrx_word' id='word_1_171' title='bbox 918 2755 1097 2841; x_wconf 79' lang='lat' dir='ltr'><strong>Hyrcano:</strong></span> <span class='ocrx_word' id='word_1_172' title='bbox 1136 2751 1251 2817; x_wconf 88' lang='lat' dir='ltr'><strong>deinde</strong></span> <span class='ocrx_word' id='word_1_173' title='bbox 1278 2753 1489 2840; x_wconf 86' lang='lat' dir='ltr'><strong>Antipatrum</strong></span> <span class='ocrx_word' id='word_1_174' title='bbox 1517 2755 1660 2822; x_wconf 78' lang='lat' dir='ltr'><strong>Herodis</strong></span> 
     </span>
     <span class='ocr_line' id='line_1_25' title="bbox 619 2839 1662 2924; baseline 0.001 -19"><span class='ocrx_word' id='word_1_175' title='bbox 619 2841 819 2905; x_wconf 89' lang='lat' dir='ltr'><strong>Ascalonitae</strong></span> <span class='ocrx_word' id='word_1_176' title='bbox 840 2840 942 2904; x_wconf 91' lang='lat' dir='ltr'><strong>filium</strong></span> <span class='ocrx_word' id='word_1_177' title='bbox 962 2851 1201 2924; x_wconf 86' lang='lat' dir='ltr'><strong>procuratorem</strong></span> <span class='ocrx_word' id='word_1_178' title='bbox 1224 2839 1399 2905; x_wconf 84' lang='lat' dir='ltr'><strong>Palaestinae</strong></span> <span class='ocrx_word' id='word_1_179' title='bbox 1418 2841 1508 2907; x_wconf 87' lang='lat' dir='ltr'><strong>facit.</strong></span> <span class='ocrx_word' id='word_1_180' title='bbox 1531 2842 1662 2907; x_wconf 81' lang='lat' dir='ltr'><strong>Eutelii</strong></span> 
     </span>
     <span class='ocr_line' id='line_1_26' title="bbox 624 2925 1662 3013; baseline 0.003 -23"><span class='ocrx_word' id='word_1_181' title='bbox 624 2926 737 2991; x_wconf 83' lang='lat' dir='ltr'><strong>Chroa.</strong></span> <span class='ocrx_word' id='word_1_182' title='bbox 753 2925 827 2990; x_wconf 81' lang='lat' dir='ltr'><strong>edit.</strong></span> <span class='ocrx_word' id='word_1_183' title='bbox 839 2941 896 3010; x_wconf 79' lang='lat' dir='ltr'><strong>per</strong></span> <span class='ocrx_word' id='word_1_184' title='bbox 910 2926 1094 3002; x_wconf 84' lang='lat' dir='ltr'><strong>Pontacam,</strong></span> <span class='ocrx_word' id='word_1_185' title='bbox 1109 2945 1185 3013; x_wconf 82' lang='lat' dir='ltr'><strong>pag.</strong></span> <span class='ocrx_word' id='word_1_186' title='bbox 1200 2938 1266 2990; x_wconf 78' lang='lat'><strong>143.</strong></span> <span class='ocrx_word' id='word_1_187' title='bbox 1282 2926 1489 2991; x_wconf 83' lang='lat' dir='ltr'><strong>conferantur</strong></span> <span class='ocrx_word' id='word_1_188' title='bbox 1503 2927 1569 2991; x_wconf 84' lang='lat' dir='ltr'><strong>Dio</strong></span> <span class='ocrx_word' id='word_1_189' title='bbox 1588 2929 1662 2993; x_wconf 78' lang='lat' dir='ltr'><strong>cas-</strong></span> 
     </span>
     <span class='ocr_line' id='line_1_27' title="bbox 621 3009 1661 3079; baseline 0.002 -3"><span class='ocrx_word' id='word_1_190' title='bbox 621 3012 685 3078; x_wconf 82' lang='lat' dir='ltr'><strong>sias</strong></span> <span class='ocrx_word' id='word_1_191' title='bbox 699 3012 755 3076; x_wconf 92' lang='lat' dir='ltr'><strong>lib.</strong></span> <span class='ocrx_word' id='word_1_192' title='bbox 768 3011 881 3076; x_wconf 81' lang='lat' dir='ltr'><strong>xxxvii.</strong></span> <span class='ocrx_word' id='word_1_193' title='bbox 905 3011 937 3073; x_wconf 92' lang='lat' dir='ltr'><strong>in</strong></span> <span class='ocrx_word' id='word_1_194' title='bbox 958 3011 1010 3075; x_wconf 91' lang='lat' dir='ltr'><strong>M.</strong></span> <span class='ocrx_word' id='word_1_195' title='bbox 1027 3009 1194 3075; x_wconf 88' lang='lat' dir='ltr'><strong>Ciceronis</strong></span> <span class='ocrx_word' id='word_1_196' title='bbox 1208 3025 1241 3077; x_wconf 91' lang='lat' dir='ltr'><strong>et</strong></span> <span class='ocrx_word' id='word_1_197' title='bbox 1257 3011 1298 3074; x_wconf 90' lang='lat' dir='ltr'><strong>C.</strong></span> <span class='ocrx_word' id='word_1_198' title='bbox 1310 3012 1447 3076; x_wconf 91' lang='lat' dir='ltr'><strong>Antonii</strong></span> <span class='ocrx_word' id='word_1_199' title='bbox 1468 3011 1661 3079; x_wconf 81' lang='lat' dir='ltr'><strong>Consulatu.</strong></span> 
     </span>
     <span class='ocr_line' id='line_1_28' title="bbox 622 3095 1661 3182; baseline 0 -19"><span class='ocrx_word' id='word_1_200' title='bbox 622 3098 733 3163; x_wconf 79' lang='lat' dir='ltr'><strong>Strabo</strong></span> <span class='ocrx_word' id='word_1_201' title='bbox 752 3099 861 3182; x_wconf 87' lang='lat' dir='ltr'><strong>Geog.</strong></span> <span class='ocrx_word' id='word_1_202' title='bbox 876 3097 933 3161; x_wconf 91' lang='lat' dir='ltr'><strong>lib.</strong></span> <span class='ocrx_word' id='word_1_203' title='bbox 947 3096 1008 3160; x_wconf 82' lang='lat' dir='ltr'><strong>xvi.</strong></span> <span class='ocrx_word' id='word_1_204' title='bbox 1022 3117 1064 3182; x_wconf 92' lang='lat' dir='ltr'><strong>pa</strong></span> <span class='ocrx_word' id='word_1_205' title='bbox 1091 3144 1099 3160; x_wconf 93' lang='lat'><strong>.</strong></span> <span class='ocrx_word' id='word_1_206' title='bbox 1117 3103 1204 3161; x_wconf 88' lang='lat'><strong>1106.</strong></span> <span class='ocrx_word' id='word_1_207' title='bbox 1219 3095 1297 3161; x_wconf 89' lang='lat' dir='ltr'><strong>edit.</strong></span> <span class='ocrx_word' id='word_1_208' title='bbox 1312 3099 1421 3162; x_wconf 85' lang='lat' dir='ltr'><strong>Amst.</strong></span> <span class='ocrx_word' id='word_1_209' title='bbox 1439 3110 1526 3174; x_wconf 90' lang='lat'><strong>1707.</strong></span> <span class='ocrx_word' id='word_1_210' title='bbox 1578 3101 1661 3165; x_wconf 77' lang='lat' dir='ltr'><strong>Haec</strong></span> 
     </span>
     <span class='ocr_line' id='line_1_29' title="bbox 621 3181 1661 3271; baseline 0 -21"><span class='ocrx_word' id='word_1_211' title='bbox 621 3183 779 3250; x_wconf 81' lang='lat' dir='ltr'><strong>Antonias</strong></span> <span class='ocrx_word' id='word_1_212' title='bbox 791 3182 874 3271; x_wconf 83' lang='lat' dir='ltr'><strong>Pagi</strong></span> <span class='ocrx_word' id='word_1_213' title='bbox 883 3184 1040 3270; x_wconf 90' lang='lat' dir='ltr'><strong>Apparat.</strong></span> <span class='ocrx_word' id='word_1_214' title='bbox 1088 3181 1180 3247; x_wconf 91' lang='lat' dir='ltr'><strong>hron.</strong></span> <span class='ocrx_word' id='word_1_215' title='bbox 1194 3184 1280 3250; x_wconf 86' lang='lat' dir='ltr'><strong>Sect.</strong></span> <span class='ocrx_word' id='word_1_216' title='bbox 1289 3183 1351 3248; x_wconf 85' lang='lat' dir='ltr'><strong>xlv.</strong></span> <span class='ocrx_word' id='word_1_217' title='bbox 1362 3184 1417 3249; x_wconf 76' lang='lat' dir='ltr'><strong>lxi.</strong></span> <span class='ocrx_word' id='word_1_218' title='bbox 1429 3205 1449 3247; x_wconf 91' lang='lat' dir='ltr'><strong>a</strong></span> <span class='ocrx_word' id='word_1_219' title='bbox 1463 3185 1661 3252; x_wconf 77' lang='lat' dir='ltr'><strong>Rssorrtc.</strong></span> 
     </span>
     <span class='ocr_line' id='line_1_30' title="bbox 620 3273 747 3337; baseline -0.016 0"><span class='ocrx_word' id='word_1_220' title='bbox 620 3273 747 3337; x_wconf 86' lang='lat' dir='ltr'><strong>allatus.</strong></span> 
     </span>
     <span class='ocr_line' id='line_1_31' title="bbox 666 3351 1664 3442; baseline 0 -20"><span class='ocrx_word' id='word_1_221' title='bbox 666 3358 749 3422; x_wconf 91' lang='lat' dir='ltr'><strong>lhid.</strong></span> <span class='ocrx_word' id='word_1_222' title='bbox 765 3357 787 3422; x_wconf 93' lang='lat' dir='ltr'><strong>l.</strong></span> <span class='ocrx_word' id='word_1_223' title='bbox 800 3375 830 3436; x_wconf 88' lang='lat'><strong>9.</strong></span> <span class='ocrx_word' id='word_1_224' title='bbox 853 3355 992 3441; x_wconf 75' lang='grc' dir='ltr'><strong>φολοῦτοο]</strong></span> <span class='ocrx_word' id='word_1_225' title='bbox 1010 3357 1086 3420; x_wconf 92' lang='lat' dir='ltr'><strong>Hoc</strong></span> <span class='ocrx_word' id='word_1_226' title='bbox 1101 3376 1232 3442; x_wconf 90' lang='lat' dir='ltr'><strong>quoque</strong></span> <span class='ocrx_word' id='word_1_227' title='bbox 1251 3351 1284 3421; x_wconf 89' lang='lat' dir='ltr'><strong>in</strong></span> <span class='ocrx_word' id='word_1_228' title='bbox 1304 3355 1378 3420; x_wconf 92' lang='lat' dir='ltr'><strong>loco</strong></span> <span class='ocrx_word' id='word_1_229' title='bbox 1395 3355 1540 3442; x_wconf 88' lang='lat' dir='ltr'><strong>(perinde</strong></span> <span class='ocrx_word' id='word_1_230' title='bbox 1554 3378 1593 3421; x_wconf 86' lang='lat' dir='ltr'><strong>ac</strong></span> <span class='ocrx_word' id='word_1_231' title='bbox 1607 3378 1664 3422; x_wconf 86' lang='lat' dir='ltr'><strong>su·</strong></span> 
     </span>
     <span class='ocr_line' id='line_1_32' title="bbox 620 3441 1664 3532; baseline 0.001 -24"><span class='ocrx_word' id='word_1_232' title='bbox 620 3466 678 3532; x_wconf 89' lang='lat' dir='ltr'><strong>pra</strong></span> <span class='ocrx_word' id='word_1_233' title='bbox 693 3465 763 3529; x_wconf 83' lang='lat' dir='ltr'><strong>cap.</strong></span> <span class='ocrx_word' id='word_1_234' title='bbox 775 3446 818 3525; x_wconf 88' lang='lat'><strong>6.)</strong></span> <span class='ocrx_word' id='word_1_235' title='bbox 835 3444 936 3507; x_wconf 87' lang='lat' dir='ltr'><strong>nostri</strong></span> <span class='ocrx_word' id='word_1_236' title='bbox 958 3441 1087 3506; x_wconf 89' lang='lat' dir='ltr'><strong>codices</strong></span> <span class='ocrx_word' id='word_1_237' title='bbox 1113 3443 1245 3525; x_wconf 86' lang='lat' dir='ltr'><strong>Regius,</strong></span> <span class='ocrx_word' id='word_1_238' title='bbox 1266 3443 1463 3518; x_wconf 87' lang='lat' dir='ltr'><strong>Mazarinus,</strong></span> <span class='ocrx_word' id='word_1_239' title='bbox 1479 3442 1664 3509; x_wconf 83' lang='lat' dir='ltr'><strong>Medicaeus</strong></span> 
     </span>
     <span class='ocr_line' id='line_1_33' title="bbox 620 3526 1663 3611; baseline -0.002 -16"><span class='ocrx_word' id='word_1_240' title='bbox 620 3553 659 3595; x_wconf 89' lang='lat' dir='ltr'><strong>ac</strong></span> <span class='ocrx_word' id='word_1_241' title='bbox 675 3533 700 3595; x_wconf 88' lang='lat' dir='ltr'><strong>F</strong></span> <span class='ocrx_word' id='word_1_242' title='bbox 702 3529 871 3593; x_wconf 86' lang='lat' dir='ltr'><strong>uketianus</strong></span> <span class='ocrx_word' id='word_1_243' title='bbox 885 3538 1070 3592; x_wconf 87' lang='lat' dir='ltr'><strong>constanter</strong></span> <span class='ocrx_word' id='word_1_244' title='bbox 1084 3526 1238 3611; x_wconf 89' lang='lat' dir='ltr'><strong>scriptum</strong></span> <span class='ocrx_word' id='word_1_245' title='bbox 1253 3527 1373 3591; x_wconf 87' lang='lat' dir='ltr'><strong>hahent</strong></span> <span class='ocrx_word' id='word_1_246' title='bbox 1387 3536 1523 3611; x_wconf 68' lang='lat' dir='ltr'><strong>pranirua</strong></span> <span class='ocrx_word' id='word_1_247' title='bbox 1551 3529 1663 3594; x_wconf 81' lang='lat' dir='ltr'><strong>Quam</strong></span> 
     </span>
     <span class='ocr_line' id='line_1_34' title="bbox 621 3611 1663 3701; baseline -0.003 -21"><span class='ocrx_word' id='word_1_248' title='bbox 621 3617 811 3701; x_wconf 89' lang='lat' dir='ltr'><strong>scripturam</strong></span> <span class='ocrx_word' id='word_1_249' title='bbox 827 3613 935 3676; x_wconf 89' lang='lat' dir='ltr'><strong>nescio</strong></span> <span class='ocrx_word' id='word_1_250' title='bbox 950 3634 1007 3676; x_wconf 90' lang='lat' dir='ltr'><strong>cur</strong></span> <span class='ocrx_word' id='word_1_251' title='bbox 1022 3611 1184 3676; x_wconf 92' lang='lat' dir='ltr'><strong>Robertus</strong></span> <span class='ocrx_word' id='word_1_252' title='bbox 1201 3613 1383 3698; x_wconf 88' lang='lat' dir='ltr'><strong>Stephanus</strong></span> <span class='ocrx_word' id='word_1_253' title='bbox 1404 3613 1594 3700; x_wconf 61' lang='lat' dir='ltr'><strong>repudiant.</strong></span> <span class='ocrx_word' id='word_1_254' title='bbox 1615 3632 1663 3698; x_wconf 80' lang='grc' dir='ltr'><strong>φο·</strong></span> 
     </span>
     <span class='ocr_line' id='line_1_35' title="bbox 620 3698 1665 3782; baseline 0 -17"><span class='ocrx_word' id='word_1_255' title='bbox 620 3709 707 3779; x_wconf 62' lang='lat' dir='ltr'><strong>aaron</strong></span> <span class='ocrx_word' id='word_1_256' title='bbox 720 3699 807 3763; x_wconf 89' lang='lat' dir='ltr'><strong>enim</strong></span> <span class='ocrx_word' id='word_1_257' title='bbox 821 3698 937 3761; x_wconf 91' lang='lat' dir='ltr'><strong>dicitur</strong></span> <span class='ocrx_word' id='word_1_258' title='bbox 949 3711 986 3761; x_wconf 88' lang='lat' dir='ltr'><strong>ut</strong></span> <span class='ocrx_word' id='word_1_259' title='bbox 1001 3701 1144 3782; x_wconf 73' lang='grc' dir='ltr'><strong>ἐκθρὲτοο.</strong></span> <span class='ocrx_word' id='word_1_260' title='bbox 1168 3699 1377 3764; x_wconf 79' lang='lat' dir='ltr'><strong>Vanasrus.</strong></span> <span class='ocrx_word' id='word_1_261' title='bbox 1420 3706 1559 3781; x_wconf 68' lang='grc' dir='ltr'><strong>φολοοῡταο</strong></span> <span class='ocrx_word' id='word_1_262' title='bbox 1574 3714 1665 3765; x_wconf 89' lang='lat' dir='ltr'><strong>utro·</strong></span> 
     </span>
     <span class='ocr_line' id='line_1_36' title="bbox 621 3783 1663 3874; baseline -0.002 -21"><span class='ocrx_word' id='word_1_263' title='bbox 621 3808 686 3874; x_wconf 87' lang='lat' dir='ltr'><strong>que</strong></span> <span class='ocrx_word' id='word_1_264' title='bbox 699 3785 774 3850; x_wconf 90' lang='lat' dir='ltr'><strong>loco</strong></span> <span class='ocrx_word' id='word_1_265' title='bbox 789 3783 890 3849; x_wconf 91' lang='lat' dir='ltr'><strong>edidit</strong></span> <span class='ocrx_word' id='word_1_266' title='bbox 902 3783 1096 3868; x_wconf 89' lang='lat' dir='ltr'><strong>Stephanus,</strong></span> <span class='ocrx_word' id='word_1_267' title='bbox 1112 3783 1168 3846; x_wconf 90' lang='lat' dir='ltr'><strong>sed</strong></span> <span class='ocrx_word' id='word_1_268' title='bbox 1183 3790 1319 3866; x_wconf 65' lang='grc' dir='ltr'><strong>φιλοῦτοο,</strong></span> <span class='ocrx_word' id='word_1_269' title='bbox 1334 3784 1421 3871; x_wconf 93' lang='lat' dir='ltr'><strong>quod</strong></span> <span class='ocrx_word' id='word_1_270' title='bbox 1435 3797 1569 3871; x_wconf 83' lang='lat' dir='ltr'><strong>praestat</strong></span> <span class='ocrx_word' id='word_1_271' title='bbox 1582 3784 1663 3853; x_wconf 77' lang='lat' dir='ltr'><strong>MS.</strong></span> 
     </span>
     <span class='ocr_line' id='line_1_37' title="bbox 621 3865 1665 3960; baseline -0.002 -22"><span class='ocrx_word' id='word_1_272' title='bbox 621 3893 752 3960; x_wconf 88' lang='lat' dir='ltr'><strong>quoque</strong></span> <span class='ocrx_word' id='word_1_273' title='bbox 767 3868 864 3934; x_wconf 79' lang='lat' dir='ltr'><strong>Socii.</strong></span> <span class='ocrx_word' id='word_1_274' title='bbox 881 3891 937 3934; x_wconf 88' lang='lat' dir='ltr'><strong>scu</strong></span> <span class='ocrx_word' id='word_1_275' title='bbox 952 3867 1043 3933; x_wconf 81' lang='lat' dir='ltr'><strong>Bodl.</strong></span> <span class='ocrx_word' id='word_1_276' title='bbox 1062 3869 1095 3932; x_wconf 94' lang='lat' dir='ltr'><strong>in</strong></span> <span class='ocrx_word' id='word_1_277' title='bbox 1117 3881 1241 3933; x_wconf 78' lang='lat' dir='ltr'><strong>tentum</strong></span> <span class='ocrx_word' id='word_1_278' title='bbox 1261 3865 1426 3955; x_wconf 86' lang='lat' dir='ltr'><strong>praeeunte</strong></span> <span class='ocrx_word' id='word_1_279' title='bbox 1442 3870 1592 3936; x_wconf 88' lang='lat' dir='ltr'><strong>Strothio</strong></span> <span class='ocrx_word' id='word_1_280' title='bbox 1611 3893 1665 3937; x_wconf 88' lang='lat' dir='ltr'><strong>re·</strong></span> 
     </span>
     <span class='ocr_line' id='line_1_38' title="bbox 620 3954 1665 4058; baseline 0.001 -35"><span class='ocrx_word' id='word_1_281' title='bbox 620 3958 702 4045; x_wconf 88' lang='lat' dir='ltr'><strong>cepi.</strong></span> <span class='ocrx_word' id='word_1_282' title='bbox 747 3956 839 4020; x_wconf 89' lang='lat' dir='ltr'><strong>Idem</strong></span> <span class='ocrx_word' id='word_1_283' title='bbox 884 3977 990 4041; x_wconf 89' lang='lat' dir='ltr'><strong>uoque</strong></span> <span class='ocrx_word' id='word_1_284' title='bbox 1011 3954 1167 4040; x_wconf 90' lang='lat' dir='ltr'><strong>scriptum</strong></span> <span class='ocrx_word' id='word_1_285' title='bbox 1186 3955 1288 4019; x_wconf 90' lang='lat' dir='ltr'><strong>inveni</strong></span> <span class='ocrx_word' id='word_1_286' title='bbox 1308 3957 1340 4019; x_wconf 92' lang='lat' dir='ltr'><strong>in</strong></span> <span class='ocrx_word' id='word_1_287' title='bbox 1355 3956 1524 4022; x_wconf 81' lang='lat' dir='ltr'><strong>Athanasii</strong></span> <span class='ocrx_word' id='word_1_288' title='bbox 1541 3958 1665 4058; x_wconf 77' lang='lat' dir='ltr'><strong>Interp.</strong></span> 
     </span>
     <span class='ocr_line' id='line_1_39' title="bbox 621 3977 1667 4127; baseline 0.002 -20"><span class='ocrx_word' id='word_1_289' title='bbox 621 4045 656 4109; x_wconf 80' lang='lat' dir='ltr'><strong>ia</strong></span> <span class='ocrx_word' id='word_1_290' title='bbox 681 4043 769 4107; x_wconf 86' lang='lat' dir='ltr'><strong>Mat.</strong></span> <span class='ocrx_word' id='word_1_291' title='bbox 799 3977 885 4127; x_wconf 68' lang='lat' dir='ltr'><strong>apud</strong></span> <span class='ocrx_word' id='word_1_292' title='bbox 911 4042 1138 4105; x_wconf 87' lang='lat' dir='ltr'><strong>Montlaucon.</strong></span> <span class='ocrx_word' id='word_1_293' title='bbox 1168 4039 1294 4104; x_wconf 84' lang='lat' dir='ltr'><strong>Collect.</strong></span> <span class='ocrx_word' id='word_1_294' title='bbox 1318 4041 1398 4105; x_wconf 84' lang='grc' dir='ltr'><strong>Νου.</strong></span> <span class='ocrx_word' id='word_1_295' title='bbox 1422 4045 1492 4107; x_wconf 89' lang='grc' dir='ltr'><strong>ΡΡ.</strong></span> <span class='ocrx_word' id='word_1_296' title='bbox 1521 4053 1606 4108; x_wconf 88' lang='lat' dir='ltr'><strong>tom.</strong></span> <span class='ocrx_word' id='word_1_297' title='bbox 1630 4043 1667 4109; x_wconf 90' lang='lat' dir='ltr'><strong>ri.</strong></span> 
     </span>
     <span class='ocr_line' id='line_1_40' title="bbox 620 4126 1667 4217; baseline 0.001 -25"><span class='ocrx_word' id='word_1_298' title='bbox 620 4151 654 4217; x_wconf 91' lang='lat' dir='ltr'><strong>p.</strong></span> <span class='ocrx_word' id='word_1_299' title='bbox 670 4136 719 4192; x_wconf 85' lang='lat'><strong>26.</strong></span> <span class='ocrx_word' id='word_1_300' title='bbox 735 4126 936 4213; x_wconf 90' lang='lat' dir='ltr'><strong>quiquidem</strong></span> <span class='ocrx_word' id='word_1_301' title='bbox 956 4139 1048 4213; x_wconf 88' lang='lat' dir='ltr'><strong>pater</strong></span> <span class='ocrx_word' id='word_1_302' title='bbox 1069 4126 1178 4190; x_wconf 90' lang='lat' dir='ltr'><strong>locum</strong></span> <span class='ocrx_word' id='word_1_303' title='bbox 1199 4127 1338 4211; x_wconf 89' lang='lat' dir='ltr'><strong>priorem</strong></span> <span class='ocrx_word' id='word_1_304' title='bbox 1354 4127 1485 4192; x_wconf 88' lang='lat' dir='ltr'><strong>Eusebii</strong></span> <span class='ocrx_word' id='word_1_305' title='bbox 1500 4144 1597 4192; x_wconf 87' lang='lat' dir='ltr'><strong>suum</strong></span> <span class='ocrx_word' id='word_1_306' title='bbox 1614 4128 1667 4193; x_wconf 81' lang='lat' dir='ltr'><strong>fe·</strong></span> 
     </span>
     <span class='ocr_line' id='line_1_41' title="bbox 621 4211 1668 4302; baseline -0.001 -23"><span class='ocrx_word' id='word_1_307' title='bbox 621 4215 677 4279; x_wconf 90' lang='lat' dir='ltr'><strong>cit.</strong></span> <span class='ocrx_word' id='word_1_308' title='bbox 724 4213 821 4277; x_wconf 92' lang='lat' dir='ltr'><strong>Porro</strong></span> <span class='ocrx_word' id='word_1_309' title='bbox 842 4213 968 4301; x_wconf 73' lang='grc' dir='ltr'><strong>Ὕςκάοῳ</strong></span> <span class='ocrx_word' id='word_1_310' title='bbox 990 4213 1119 4295; x_wconf 57' lang='lat' dir='ltr'><strong>attonsis</strong></span> <span class='ocrx_word' id='word_1_311' title='bbox 1140 4211 1239 4276; x_wconf 89' lang='lat' dir='ltr'><strong>habet</strong></span> <span class='ocrx_word' id='word_1_312' title='bbox 1252 4213 1414 4298; x_wconf 86' lang='lat' dir='ltr'><strong>Georgius</strong></span> <span class='ocrx_word' id='word_1_313' title='bbox 1428 4234 1562 4300; x_wconf 90' lang='lat' dir='ltr'><strong>quoque</strong></span> <span class='ocrx_word' id='word_1_314' title='bbox 1578 4215 1668 4302; x_wconf 87' lang='lat' dir='ltr'><strong>Syn-</strong></span> 
     </span>
     <span class='ocr_line' id='line_1_42' title="bbox 620 4298 1667 4386; baseline 0.002 -21"><span class='ocrx_word' id='word_1_315' title='bbox 620 4299 723 4365; x_wconf 89' lang='lat' dir='ltr'><strong>cellus</strong></span> <span class='ocrx_word' id='word_1_316' title='bbox 746 4298 779 4361; x_wconf 88' lang='lat' dir='ltr'><strong>in</strong></span> <span class='ocrx_word' id='word_1_317' title='bbox 805 4298 1038 4386; x_wconf 83' lang='lat' dir='ltr'><strong>Chroaogruplr.</strong></span> <span class='ocrx_word' id='word_1_318' title='bbox 1062 4298 1102 4360; x_wconf 87' lang='lat' dir='ltr'><strong>ad</strong></span> <span class='ocrx_word' id='word_1_319' title='bbox 1122 4318 1155 4382; x_wconf 91' lang='lat' dir='ltr'><strong>p.</strong></span> <span class='ocrx_word' id='word_1_320' title='bbox 1170 4304 1240 4374; x_wconf 77' lang='lat'><strong>296.</strong></span> <span class='ocrx_word' id='word_1_321' title='bbox 1265 4299 1381 4363; x_wconf 80' lang='lat' dir='ltr'><strong>ubido</strong></span> <span class='ocrx_word' id='word_1_322' title='bbox 1403 4299 1569 4385; x_wconf 86' lang='lat' dir='ltr'><strong>Antipatri</strong></span> <span class='ocrx_word' id='word_1_323' title='bbox 1588 4313 1667 4367; x_wconf 86' lang='lat' dir='ltr'><strong>ortu</strong></span> 
     </span>
     <span class='ocr_line' id='line_1_43' title="bbox 620 4382 1665 4472; baseline 0 -20"><span class='ocrx_word' id='word_1_324' title='bbox 620 4382 812 4452; x_wconf 84' lang='lat' dir='ltr'><strong>Africanum</strong></span> <span class='ocrx_word' id='word_1_325' title='bbox 834 4399 962 4449; x_wconf 88' lang='lat' dir='ltr'><strong>secutus</strong></span> <span class='ocrx_word' id='word_1_326' title='bbox 982 4385 1050 4470; x_wconf 84' lang='lat' dir='ltr'><strong>agit</strong></span> <span class='ocrx_word' id='word_1_327' title='bbox 1057 4407 1066 4461; x_wconf 82' lang='lat'>3</span> <span class='ocrx_word' id='word_1_328' title='bbox 1090 4405 1162 4468; x_wconf 89' lang='lat' dir='ltr'><strong>quae</strong></span> <span class='ocrx_word' id='word_1_329' title='bbox 1186 4383 1316 4469; x_wconf 90' lang='lat' dir='ltr'><strong>quidem</strong></span> <span class='ocrx_word' id='word_1_330' title='bbox 1337 4386 1473 4448; x_wconf 87' lang='lat' dir='ltr'><strong>fortasse</strong></span> <span class='ocrx_word' id='word_1_331' title='bbox 1495 4386 1665 4472; x_wconf 79' lang='lat' dir='ltr'><strong>Georgius</strong></span> 
     </span>
     <span class='ocr_line' id='line_1_44' title="bbox 619 4468 1663 4556; baseline 0 -18"><span class='ocrx_word' id='word_1_332' title='bbox 619 4473 675 4538; x_wconf 89' lang='lat' dir='ltr'><strong>ille</strong></span> <span class='ocrx_word' id='word_1_333' title='bbox 693 4470 871 4556; x_wconf 88' lang='lat' dir='ltr'><strong>descripsit,</strong></span> <span class='ocrx_word' id='word_1_334' title='bbox 885 4493 950 4533; x_wconf 93' lang='lat' dir='ltr'><strong>non</strong></span> <span class='ocrx_word' id='word_1_335' title='bbox 964 4492 1003 4533; x_wconf 87' lang='lat' dir='ltr'><strong>ex</strong></span> <span class='ocrx_word' id='word_1_336' title='bbox 1020 4468 1158 4554; x_wconf 91' lang='lat' dir='ltr'><strong>epistola</strong></span> <span class='ocrx_word' id='word_1_337' title='bbox 1174 4468 1288 4548; x_wconf 89' lang='lat' dir='ltr'><strong>isthac,</strong></span> <span class='ocrx_word' id='word_1_338' title='bbox 1302 4471 1358 4534; x_wconf 86' lang='lat' dir='ltr'><strong>sed</strong></span> <span class='ocrx_word' id='word_1_339' title='bbox 1378 4493 1417 4534; x_wconf 83' lang='lat' dir='ltr'><strong>ex</strong></span> <span class='ocrx_word' id='word_1_340' title='bbox 1434 4469 1596 4537; x_wconf 83' lang='lat' dir='ltr'><strong>Clrroaicis</strong></span> <span class='ocrx_word' id='word_1_341' title='bbox 1609 4473 1663 4537; x_wconf 89' lang='lat' dir='ltr'><strong>A·</strong></span> 
     </span>
     <span class='ocr_line' id='line_1_45' title="bbox 620 4555 1664 4642; baseline 0.001 -19"><span class='ocrx_word' id='word_1_342' title='bbox 620 4557 834 4636; x_wconf 86' lang='lat' dir='ltr'><strong>fricani,nan1</strong></span> <span class='ocrx_word' id='word_1_343' title='bbox 855 4556 887 4619; x_wconf 89' lang='lat' dir='ltr'><strong>in</strong></span> <span class='ocrx_word' id='word_1_344' title='bbox 908 4555 964 4619; x_wconf 91' lang='lat' dir='ltr'><strong>illo</strong></span> <span class='ocrx_word' id='word_1_345' title='bbox 987 4576 1117 4641; x_wconf 90' lang='lat' dir='ltr'><strong>quoque</strong></span> <span class='ocrx_word' id='word_1_346' title='bbox 1132 4576 1229 4639; x_wconf 87' lang='lat' dir='ltr'><strong>opere</strong></span> <span class='ocrx_word' id='word_1_347' title='bbox 1243 4557 1432 4620; x_wconf 86' lang='lat' dir='ltr'><strong>Africanum</strong></span> <span class='ocrx_word' id='word_1_348' title='bbox 1454 4555 1595 4642; x_wconf 87' lang='lat' dir='ltr'><strong>hujusce</strong></span> <span class='ocrx_word' id='word_1_349' title='bbox 1614 4558 1664 4624; x_wconf 88' lang='lat' dir='ltr'><strong>rei</strong></span> 
     </span>
     <span class='ocr_line' id='line_1_46' title="bbox 621 4639 1665 4721; baseline 0.003 -14"><span class='ocrx_word' id='word_1_350' title='bbox 621 4643 818 4708; x_wconf 83' lang='lat' dir='ltr'><strong>mentionem</strong></span> <span class='ocrx_word' id='word_1_351' title='bbox 843 4642 957 4706; x_wconf 83' lang='lat' dir='ltr'><strong>fecisse</strong></span> <span class='ocrx_word' id='word_1_352' title='bbox 981 4654 1030 4706; x_wconf 90' lang='lat' dir='ltr'><strong>est</strong></span> <span class='ocrx_word' id='word_1_353' title='bbox 1060 4639 1335 4721; x_wconf 86' lang='lat' dir='ltr'><strong>verisimillimum,</strong></span> <span class='ocrx_word' id='word_1_354' title='bbox 1357 4663 1432 4708; x_wconf 90' lang='lat' dir='ltr'><strong>cum</strong></span> <span class='ocrx_word' id='word_1_355' title='bbox 1459 4641 1500 4706; x_wconf 89' lang='lat' dir='ltr'><strong>de</strong></span> <span class='ocrx_word' id='word_1_356' title='bbox 1525 4642 1665 4717; x_wconf 69' lang='lat' dir='ltr'><strong>Herode</strong></span> 
     </span>
    </p>
   </div>
   <div class='ocr_carea' id='block_1_4' title="bbox 0 0 2053 5675">
    <p class='ocr_par' dir='ltr' id='par_1_5' title="bbox 0 0 2053 5675">
     <span class='ocr_line' id='line_1_47' title="bbox 0 0 2053 5675; baseline 0 0"><span class='ocrx_word' id='word_1_357' title='bbox 0 0 2053 5675; x_wconf 95' lang='lat' dir='ltr'><strong> </strong></span> 
     </span>
    </p>
   </div>
  </div>
 </body>
</html>
