4092 5675
606 754 666 803 τοι
895 729 900 734 ’
936 732 1295 802 ANNOTATIONES

649 905 682 969 P.
698 919 746 970 82.
767 904 789 968 l.
802 923 833 983 9.
855 904 1045 990 παροκςᾶσει]
1071 903 1247 999 pepercerim
1273 902 1351 967 MS.
1375 899 1480 986 Scapt.
1503 898 1641 987 Margg.

605 991 652 1055 ed.
672 990 785 1054 Gener.
802 1004 834 1054 et
847 989 1005 1054 Jorresiarri
1027 990 1132 1074 Steplr.
1154 987 1286 1074 exempl.
1309 989 1478 1052 Sraorrr.
1523 985 1642 1049 Statim

606 1091 680 1163 post
697 1073 732 1136 riv
770 1098 804 1139 ro
820 1072 842 1159 ᾧ
859 1076 936 1139 MS.
952 1074 1091 1161 Norsolc.
1106 1075 1163 1139 sed
1179 1076 1272 1138 male.

653 1098 770 1224 lbidl.
787 1176 832 1224 13.
855 1160 1165 1246 ωνειιματοφορηθέντα]
1182 1156 1485 1244 τοοιιμοιτοφορηθέντοιο
1497 1151 1628 1239 ΝῐεθρΙι.

653 1246 735 1310 Ibid.
752 1245 774 1309 l.
790 1261 836 1309 15.
857 1250 908 1318 τὰς
922 1246 1052 1309 <braim
1065 1246 1237 1330 θυγατέρας]
1258 1244 1565 1309 Comnremorantur
1579 1238 1644 1304 hoc

609 1331 738 1416 quidem
756 1331 828 1395 loco
849 1331 985 1416 Philippi
999 1332 1202 1417 evangelistae
1219 1346 1251 1394 et
1266 1330 1392 1393 diaconi
1407 1329 1491 1405 filiae,
1505 1345 1645 1411 quarum

609 1416 806 1480 mentionem
828 1417 904 1479 facit
925 1418 957 1480 S.
981 1420 1084 1480 Lucas
1104 1417 1136 1480 in
1150 1416 1241 1481 Actis
1255 1418 1366 1499 Apost.
1386 1413 1442 1478 sed
1462 1413 1504 1476 de
1523 1412 1575 1475 his
1594 1421 1645 1475 at·

611 1525 674 1587 que
691 1501 828 1588 Philippi
848 1502 985 1586 apostoli
1002 1503 1138 1579 filiabus,
1153 1501 1215 1565 vid.
1230 1523 1325 1587 supra
1338 1499 1379 1563 ad
1399 1501 1645 1563 Pouucaa'rra

612 1588 805 1673 Fragmenta
820 1610 850 1672 p.
862 1600 921 1661 378

654 1672 739 1735 Ibid.
762 1672 966 1755 Φιλαδελφείρ]
982 1671 1049 1734 Hic
1061 1684 1093 1734 et
1108 1671 1189 1734 infra
1201 1670 1349 1734 scribitur
1359 1665 1537 1753 Φιλαδελφίᾳ
1548 1685 1625 1731 cum
1639 1692 1648 1730 ι

612 1758 643 1822 in
661 1758 737 1821 MS.
750 1758 841 1820 Bodl.
855 1755 1101 1842 Nrceplromque.
1134 1757 1224 1819 Idem
1241 1755 1429 1839 Nicephoras
1444 1754 1574 1837 Ἀγαοοι
1588 1772 1649 1839 pm

607 1839 738 1925 Ἀγαὸοι
751 1865 790 1905 ex
806 1841 928 1906 solenni
944 1842 1104 1905 literarum
1123 1841 1186 1905 Get
1201 1869 1215 1905 o
1232 1840 1465 1926 permutatione
1481 1836 1602 1924 posuit.

659 1928 740 1990 lbid.
752 1927 774 1990 l.
789 1934 835 1991 16.
852 1928 1004 2011 Κοδρᾶτοο]
1019 1929 1072 1990 De
1083 1930 1302 2014 Qunnnaao
1320 1926 1539 2011 Hieronymus
1553 1943 1652 2009 supra

615 2012 655 2076 ad
676 2034 752 2098 pag.
765 2020 815 2091 69.
834 2013 895 2076 vol.
915 2015 939 2076 Ι.
978 2015 1060 2076 Eum
1083 2030 1179 2097 atque
1201 2012 1337 2096 Philippi
1359 2010 1436 2073 filias
1456 2010 1502 2073 ita
1524 2007 1651 2073 induxit

615 2098 772 2163 Eusebius
787 2099 843 2162 lib.
854 2098 897 2161 iii.
915 2098 997 2161 Hisl.
1014 2121 1084 2183 cap.
1097 2112 1147 2172 37.
1162 2102 1216 2161 τῶν
1231 2099 1257 2159 δὲ
1274 2101 1349 2160 κατὰ
1363 2095 1450 2170 τέτιις
1466 2093 1651 2177 &amplicia-

615 2179 668 2248 τιον
684 2185 730 2247 καὶ
747 2184 886 2268 Κοδρᾶτος
901 2182 941 2260 ἦν.
964 2182 992 2246 ὃν
1004 2182 1066 2266 ἅμα
1079 2189 1141 2262 ταῖς
1154 2181 1296 2246 Φιλίππου
1312 2181 1474 2267 θυγατράσι
1486 2184 1653 2266 προφητικῷ

612 2269 777 2357 χαρίσματι
794 2269 875 2354 λόγος
891 2269 949 2355 ἔχει
964 2268 1121 2356 διατρέψαρ.
1155 2271 1295 2354 Κοδρᾶτον
1308 2267 1438 2331 exhibet
1452 2264 1654 2352 ωροτεριστῶ-

639 2382 693 2418 ενοι
708 2355 785 2419 Nice
808 2354 837 2417 lr..

615 2385 637 2438 μ
662 2441 744 2504 Ibid.
768 2372 827 2504 orire
850 2440 878 2517 δή
899 2464 974 2514 τινας
994 2435 1111 2523 ἄλλους]
1129 2440 1165 2502 ln
1182 2438 1292 2502 codice
1308 2437 1399 2501 Med.
1416 2438 1505 2499 Maz.
1520 2448 1553 2499 et
1569 2433 1654 2499 Fuk.

617 2539 649 2591 et
673 2526 757 2611 apud
782 2526 1005 2609 Nicephorum
1030 2526 1149 2609 legitur
1171 2524 1233 2587 οὔτε
1252 2528 1338 2601 τινὰς,
1355 2522 1421 2586 '&c.
1442 2523 1654 2586 Vrmsrus.

617 2613 662 2688 ἤδη
680 2625 751 2674 aute
765 2614 839 2683 τινὰς
855 2632 891 2672 ex
908 2610 982 2673 cod.
1001 2612 1104 2695 Regio
1120 2610 1166 2671 ed.
1185 2608 1302 2692 stepo„
1314 2610 1353 2671 ἔτι
1369 2606 1538 2695 Boagorsz'i
1549 2606 1655 2670 Lectt.

618 2710 650 2759 et
674 2698 793 2781 Margo
817 2695 977 2757 Jonesr'orri
1002 2693 1186 2778 exemplaris
1215 2694 1262 2757 ed.
1293 2692 1398 2778 Steplr.
1423 2694 1530 2756 forsan
1556 2706 1655 2755 recte.

617 2780 751 2845 Nullam
778 2780 897 2844 habeut
920 2780 1106 2865 particulam
1131 2778 1237 2866 Rzfirri
1262 2779 1376 2864 lurerp.
1402 2792 1435 2843 et
1456 2778 1503 2842 ed.
1529 2774 1656 2842 Valerii.

620 2869 788 2930 Srnonrr.
836 2866 1022 2929 l‘articulam
1040 2870 1068 2942 δὴ
1082 2887 1121 2928 ex
1136 2865 1235 2928 codice
1251 2865 1391 2951 Norfolc.
1406 2863 1525 2928 addidi.
1621 2926 1624 2933 ,

666 2951 747 3013 Ibid.
765 2951 786 3014 l.
802 2967 848 3029 19.
869 2951 1008 3033 ’Appiam
1031 2951 1066 3024 ὥς
1088 2953 1183 3034 φασιν]
1212 2953 1341 3014 Nomen
1364 2949 1489 3032 Ἀμμίαν
1511 2948 1603 3014 deest
1622 2948 1658 3014 ita

621 3037 663 3099 M
666 3037 698 3100 S.
708 3036 807 3099 ‚Bodl
830 3033 864 3111 ὥς
879 3064 914 3120 γε
929 3037 1011 3115 φασὶν
1026 3050 1156 3119 praestat
1172 3036 1374 3121 Niceplrorus⁸

666 3128 699 3186 l’.
714 3137 761 3186 33.
784 3122 805 3184 l.
821 3138 848 3186 1.
869 3124 931 3196 τοὺς
946 3124 998 3185 ἀπὸ
1015 3121 1158 3186 Murram
1174 3121 1248 3206 δια]
1269 3123 1349 3186 Haec
1364 3135 1397 3186 et
1412 3121 1507 3185 verba
1521 3143 1594 3208 quae
1608 3141 1660 3186 se·

621 3222 764 3294 quurrtur
786 3231 885 3293 usque
906 3207 946 3271 ad
969 3231 1079 3270 vocem
1099 3206 1183 3294 ωάσῃ
1204 3207 1244 3271 ad
1267 3207 1322 3272 lin.
1337 3222 1367 3271 3.
1389 3221 1521 3292 propter
1539 3206 1659 3293 repeti·

621 3310 686 3359 tam
705 3315 813 3358 vocem
831 3294 966 3378 χάρισμα
983 3295 1014 3356 in
1031 3293 1095 3356 cod.
1112 3292 1252 3379 Norfolc.
1268 3294 1496 3358 desiderantur.
1541 3294 1660 3379 Neque

625 3380 756 3463 Rufinus
773 3379 909 3464 priorem
928 3379 1056 3464 quidem
1073 3392 1196 3463 partem
1211 3401 1321 3442 eorum
1339 3378 1454 3463 legisse
1469 3377 1605 3442 videtur.

668 3464 750 3528 Ibid.
768 3465 789 3527 l.
801 3479 831 3527 2.
854 3467 904 3525 leia
926 3471 983 3547 γὰρ
1003 3463 1068 3540 sirm
1087 3469 1119 3526 τὸ
1140 3466 1309 3548 προφητικὸν
1325 3464 1461 3550 χάρισμα
1484 3469 1510 3527 ἓν
1526 3463 1661 3550 οτίιοῃτῇ

624 3549 774 3633 ἐκκλησίᾳ]
796 3549 906 3612 Minus
927 3550 1007 3612 benc
1023 3547 1153 3630 Niceplr.
1168 3551 1194 3610 ἓν
1208 3549 1291 3634 adep
1312 3549 1459 3634 ἐκκλησίᾳ.
1498 3548 1662 3613 Censebat

625 3656 806 3720 anonymus
822 3634 874 3697 hic
889 3634 1036 3717 scriptor.
1049 3634 1165 3729 pariter
1179 3649 1276 3719 atque
1289 3634 1497 3720 Epiphanius,
1509 3634 1566 3720 qui
1580 3633 1664 3698 auti-

510 3752 514 3759 1
626 3721 771 3806 quiorerrr
797 3717 936 3804 aliquem
964 3741 997 3782 se
1024 3732 1212 3802 scriptorem
1238 3720 1364 3805 (judice
1387 3719 1561 3784 Dodwello
1584 3719 1663 3783 Dis-

627 3816 699 3869 sert.
715 3805 755 3869 iu.
777 3804 808 3866 ιἰι
832 3803 981 3889 Cyprios.
1005 3805 1034 3884 ξ.
1056 3806 1115 3884 11.)
1142 3803 1303 3882 describit,
1325 3805 1526 3892 prophetiam
1549 3800 1676 3891 perpe·'

628 3908 716 3954 tuam
734 3891 801 3953 fore
817 3889 901 3974 apud
917 3889 1095 3965 ecclesiam,
1109 3903 1141 3952 et
1155 3889 1195 3952 ad
1215 3891 1325 3954 mundi
1341 3914 1441 3977 usque
1456 3910 1665 3954 consumma-

629 3976 750 4039 tionem
774 3996 879 4038 revera
901 3996 1151 4058 permansuram.
1179 3974 1254 4039 Vid.
1277 3975 1434 4061 Epiphan.
1457 3977 1550 4040 Haer.
1567 3974 1665 4039 xlviii.

631 4084 719 4123 nuru.
732 4075 762 4123 2.
791 4062 907 4144 Neque
924 4059 1079 4122 diversum
1096 4059 1173 4145 quid
1188 4059 1304 4125 docent
1320 4062 1509 4126 Maximillae
1524 4060 1664 4147 pseudo·

630 4144 838 4230 prophetissae
855 4145 948 4207 verba
963 4145 1048 4229 apud
1065 4145 1279 4230 Epiphanium
1295 4146 1413 4210 ibidem
1429 4160 1567 4224 servata;
1592 4147 1665 4209 Μετ’

631 4233 679 4312 ἐμὲ
694 4236 822 4315 προφῆτις
839 4230 914 4292 §alu
930 4229 997 4305 ἕςαρ,
1014 4235 1092 4291 ἀλλὰ
1107 4233 1259 4294 συντέλεια.
1286 4233 1446 4317 Opinatur
1460 4254 1556 4317 porro
1570 4230 1666 4294 Dod-

561 4392 564 4398 ,
632 4314 757 4390 wallus,
771 4314 857 4379 istud
878 4315 1048 4400 collegisse
1071 4332 1190 4379 veteres
1211 4338 1251 4380 ex
1270 4318 1407 4403 apostoli
1425 4318 1499 4381 loco
1513 4317 1545 4379 in
1560 4314 1667 4400 Epist.

634 4401 675 4465 ad
704 4399 814 4484 ephes.
838 4422 909 4485 cap.
929 4401 968 4463 iv.
991 4422 1110 4463 comm.
1133 4415 1181 4473 11,
1204 4416 1251 4478 12,
1274 4417 1329 4475 13.
1354 4403 1535 4466 Lardnerus
1558 4413 1688 4466 autem·

634 4503 799 4550 auctorem
822 4499 964 4570 spectare
986 4500 1096 4548 censet
1119 4485 1159 4548 ad
1183 4487 1287 4570 Epist.
1310 4487 1444 4570 priorem
1464 4487 1506 4551 ad
1529 4485 1670 4551 Corinth.

635 4593 704 4655 cap.
716 4571 780 4634 xiii.
792 4593 911 4634 comm.
923 4584 951 4648 8,
962 4587 991 4648 9,
1006 4585 1052 4633 10.
1069 4572 1120 4634 De
1134 4569 1218 4634 Hirr.
1232 4573 1357 4659 Evurrg.
1372 4573 1446 4637 Fide
1459 4585 1539 4659 part.
1552 4573 1586 4635 ii.
1597 4596 1627 4636 v.
1638 4586 1668 4636 3.

634 4657 689 4721 lib.
704 4656 731 4719 Ι.
746 4678 816 4743 cap.
828 4670 878 4720 33.
907 4657 950 4719 Et
964 4678 1038 4720 vero
1055 4656 1119 4721 fieri
1133 4670 1250 4743 potest,
1266 4669 1302 4721 ut
1317 4671 1486 4745 utramque
1500 4663 1576 4743 ῥῆσιν
1590 4678 1670 4745 apo·
