4092 5675
615 778 676 864 258
948 776 1308 843 Annornnonns

660 951 693 1012 P.
713 963 777 1013 13³.
792 948 814 1012 l.
830 962 876 1013 12.
900 949 1047 1034 Βοηνεχὴς]
1063 950 1113 1011 Ita
1127 947 1209 1011 Scal.
1225 961 1260 1011 et
1273 946 1367 1011 MStt'
1381 944 1535 1024 Pariunt,
1549 950 1653 1024 Βοηνα·

611 1039 669 1135 xl}
684 1034 821 1144 Syncelli
836 1046 949 1142 lpxtrrs.
985 1034 1136 1111 Οὑὸιένθης
1158 1034 1272 1097 Eusel.
1297 1031 1447 1120 Syncellr',
1469 1032 1530 1097 sed
1552 1033 1653 1098 edidit

613 1118 958 1291 rbrstsficpllolvgpw]
978 1206 1121 1291 Scaliger
1134 1218 1167 1269 et
1183 1206 1309 1270 Goarus
1323 1202 1436 1290 colligi
1455 1203 1577 1269 debere
1594 1226 1649 1269 an·

511 1321 515 1330 ·
614 1312 673 1356 nos
688 1293 765 1378 οξγ’.
781 1306 985 1357 monuerunt.

975 1493 1210 1561 DYNASTIA
1241 1496 1286 1559 Il.

658 1634 740 1701 lbid.
755 1628 777 1700 l.
793 1643 842 1701 26.
864 1635 987 1720 Δεοτέροο
1002 1636 1142 1707 Δοναςεῖοο
1155 1636 1229 1720 &c.]
1243 1633 1363 1700 Statuit
1382 1635 1513 1698 Goarus
1534 1634 1569 1698 ln
1585 1635 1647 1700 No·

615 1723 655 1786 tis
670 1724 711 1785 acl
726 1723 914 1809 Syncellum,
925 1720 1097 1785 secundam
1110 1722 1193 1785 banc
1208 1721 1400 1807 Dynastiam
1412 1720 1561 1784 Africani
1571 1743 1647 1801 esse,

511 1845 514 1852 -
613 1831 690 1881 non,
705 1823 741 1871 ut
763 1809 927 1894 inscriptio
949 1829 983 1869 se
1005 1806 1114 1884 habet,
1130 1807 1271 1886 Eusebii,
1287 1819 1463 1892 contraque
1484 1806 1528 1871 ad
1549 1810 1646 1873 Euse-

612 1894 702 1957 bium
718 1895 873 1978 pertincre
883 1895 971 1969 bam,
982 1915 1054 1979 quae
1067 1893 1220 1957 Africano
1235 1890 1478 1971 tribui-videtur,
1489 1914 1567 1957 cum
1580 1915 1648 1980 per-

613 1980 760 2042 turbatus
776 1981 850 2042 sita
864 1978 992 2041 librario
1008 1991 1125 2042 textus.
1164 1978 1320 2041 Conferas
1336 1977 1420 2040 enirn
1437 1991 1477 2062 pa
1503 2000 1541 2064 g.
1553 1992 1602 2044 54.
1617 1991 1648 2044 et

613 2079 663 2140 57.
679 2064 826 2150 Syncclli.
849 2073 870 2103 ‘⁶
883 2063 1023 2127 Africani
1036 2064 1190 2142 menti0‚”
1204 2065 1248 2128 ait
1263 2063 1316 2126 ille
1327 2062 1367 2126 ad
1379 1999 1563 2129 verbaffiuic
1577 2065 1646 2153 Dy-

612 2151 724 2214 nastiae
746 2151 927 2236 subjuncta,
945 2149 1115 2234 dequibus
1136 2150 1238 2213 verbis
1252 2149 1344 2227 infra,
1361 2154 1382 2186 “
1393 2161 1427 2211 et
1440 2170 1647 2215 numerorum

612 2243 635 2275 ‘⁶
651 2236 823 2300 concordia
844 2238 876 2301 D
901 2236 1034 2299 nastiam
1059 2235 1141 2298 hanc
1161 2235 1203 2298 ab
1223 2234 1378 2297 Africano
1398 2237 1553 2320 scriptam
1571 2257 1646 2301 con·

612 2330 638 2362 “
655 2323 815 2385 vincunt.''
892 2335 1023 2385 aeterum
1047 2321 1205 2408 Dynastia
1226 2320 1360 2383 Eusebio
1381 2341 1400 2383 a
1422 2321 1536 2386 Goaro
1557 2321 1646 2387 attri-

611 2408 690 2472 buta
709 2408 740 2471 in
756 2408 852 2472 titulo
869 2407 965 2471 habet
981 2406 1105 2493 Δεοτέςα
1121 2406 1247 2479 δυνος-εἷα
1261 2410 1392 2469 Θεονοτῶν
1407 2405 1551 2484 βασιλέων
1565 2405 1646 2471 tnta·

610 2492 657 2555 ὤν’
671 2500 782 2579 πρῶτος
808 2496 923 2571 Βοηθὸς,
947 2492 1099 2578 additque
1122 2491 1166 2569 ἔτη
1189 2490 1244 2570 λη’,
1263 2491 1351 2577 quod
1374 2492 1522 2556 fortasse
1533 2493 1648 2559 excidit

612 2580 778 2643 Africano.

657 2663 739 2728 lbid.
755 2665 776 2728 l.
790 2676 841 2739 27.
863 2666 938 2727 κατὰ
961 2662 1112 2747 Bedriaco]
1130 2667 1233 2728 Notat
1248 2664 1385 2741 Goams,
1401 2663 1573 2742 Bubastirn
1596 2688 1649 2730 ur·

611 2750 686 2813 bem
708 2773 777 2814 esse
796 2750 836 2813 ad
861 2750 1059 2813 Pelusiacum
1082 2750 1152 2813 Nili
1174 2751 1293 2813 ostium
1313 2765 1531 2815 memoratum
1549 2752 1648 2815 Hero-

611 2835 681 2899 doto
700 2835 732 2898 in
748 2840 899 2918 Euterpe.
943 2837 980 2898 ln
1006 2835 1107 2898 ultera
1131 2835 1303 2922 Dyaastia,
1325 2835 1382 2900 ubi
1403 2834 1526 2922 legitur
1547 2839 1648 2922 φάσμα

610 2943 671 3008 pro
684 2922 804 3007 χάσμα,
820 2920 895 2984 MS.
912 2920 1015 2984 Paris.
1032 2919 1114 2983 aller
1125 2924 1235 3006 χάσμα
1249 2922 1356 2984 habet.
1619 2983 1623 2991 ,

656 3008 689 3070 Ρ.
706 3021 771 3070 134.
787 3007 808 3069 l.
825 3023 852 3069 1.
876 3004 960 3091 Χοδς]
979 3006 1092 3070 Altera
1109 3007 1269 3093 Dynoslia
1291 3007 1388 3072 habet
1409 3012 1564 3096 Καοαχῶς,
1586 3010 1668 3075 sive-

611 3098 756 3179 Κοινεχῶς,
772 3093 816 3170 ἔτη
832 3090 891 3156 λ5’.

655 3179 739 3242 lbld.
755 3179 775 3243 l.
791 3194 821 3242 3.
845 3179 950 3265 Βῖοφος]
970 3180 1100 3262 Bitu-&pls
1116 3178 1160 3257 ἔτη
1178 3179 1235 3262 μζ.
1250 3177 1349 3243 altera
1364 3181 1504 3267 Dynast.

655 3266 739 3329 Ibid.
755 3266 776 3328 l.
792 3280 822 3328 4.
844 3263 926 3328 ἄλλοι
948 3266 1032 3350 τρεῖς]
1051 3267 1177 3328 Horum
1203 3266 1332 3328 nomina
1353 3266 1492 3352 annique
1515 3266 1561 3330 ita
1581 3266 1647 3353 sig·

611 3366 686 3414 nata
709 3366 784 3415 sunt
808 3351 893 3436 apud
913 3349 1046 3414 alteram
1070 3352 1208 3436 Dynast.
1241 3351 1320 3424 Τλοὶς
1336 3351 1380 3428 ἔτη
1398 3351 1445 3433 ιζ’.
1468 3351 1589 3430 Σεθένης
1604 3356 1647 3431 ἔτη

610 3437 672 3517 μα’.
694 3437 795 3523 Χοίρης
815 3438 858 3513 ἔτη
879 3435 927 3518 ιζ’.
965 3435 1065 3523 Quod
1087 3436 1214 3523 quidem
1242 3437 1428 3500 Africanum
1453 3437 1527 3522 plus
1550 3462 1647 3525 quarn

611 3524 785 3586 Eusebium
804 3545 912 3606 sapere
926 3521 1059 3598 videtur,
1076 3522 1232 3586 Eusebius
1248 3523 1333 3585 enim
1356 3522 1495 3586 breviare
1519 3524 1648 3611 Dynas·

610 3608 682 3685 tias,
698 3631 760 3670 non
777 3607 930 3692 ampliare
945 3609 1038 3669 solet.
1068 3607 1250 3688 Σημειωτέον,
1263 3608 1367 3694 inquit
1382 3608 1546 3694 Georgius
1562 3612 1585 3674 S
1611 3634 1648 3675 n·

610 3693 711 3755 cellus
726 3693 765 3755 ad
781 3714 854 3777 pag.
868 3709 917 3769 59.
934 3692 1030 3754 ὁπόσον
1045 3691 1177 3767 Εὐοέὸοος
1190 3696 1355 3780 Ἀφρικανοῦ
1370 3694 1492 3769 >reintrat
1507 3635 1649 3783 ἀκροέίας

611 3777 637 3840 ἔν
652 3805 681 3841 τε
694 3784 727 3864 τῇ
739 3783 793 3841 τῶν
808 3776 947 3854 βασιλέων
965 3778 1107 3856 ποσότητι,
1122 3781 1168 3840 καὶ
1183 3784 1245 3852 ταῖς
1258 3784 1311 3840 τῶν
1326 3779 1462 3862 ὀνομάτων
1477 3781 1648 3867 ὑφαιρέσεσο,

611 3865 658 3926 καὶ
674 3870 728 3938 τοῖς
741 3864 859 3948 χρόνοις,
874 3866 955 3948 χεδὸν
969 3869 1007 3926 τοὶ
1023 3865 1189 3948 Ἀφρικανοῦ
1204 3869 1300 3938 αὑταῖς
1315 3864 1407 3942 λέξεσι
1421 3865 1548 3950 γράφων.

656 3950 738 4013 Ibid.
755 3949 776 4012 l.
791 3956 820 4013 6.
843 3951 908 4010 Ἐπὶ
932 3952 958 4010 δὲ·
980 3956 1028 4012 τοῦ
1050 3948 1176 4033 ἑὸὃόμοο]
1203 3951 1289 4014 Huic
1312 3973 1429 4014 nornen
1451 3951 1570 4017 indidit
1586 3952 1649 4017 Ne·

608 4033 788 4117 plaerclreres
813 4033 914 4098 altera
936 4035 1107 4121 Dynastz'o,
1131 4057 1295 4120 annosque
1313 4050 1363 4099 25.
1409 4037 1650 4102 Particulamll

611 4139 650 4180 ex
667 4120 775 4183 ,urstis
792 4120 942 4185 Parisim's
964 4121 1085 4200 addidi,
1100 4137 1131 4184 et
1149 4122 1260 4207 ἡμέραις
1274 4143 1334 4207 pro
1350 4121 1452 4208 ἡμέρας
1468 4124 1651 4189 eorundem

606 4203 703 4290 jussu
719 4227 751 4266 re
776 4205 856 4267 osui.
1509 4208 1513 4219 '

658 4288 739 4350 Ibid.
753 4226 776 4350 l.
788 4303 816 4352 8.
838 4288 865 4362 ὃς
879 4288 947 4365 ὕψος
963 4291 1022 4376 εἶχε
1034 4296 1131 4378 πηχῶν
1144 4290 1190 4376 ε’.]
1206 4292 1338 4357 Gollath
1349 4293 1517 4357 Palaestlno
1532 4293 1564 4356 ln
1578 4296 1651 4358 He·

612 4374 727 4439 braicis
742 4375 975 4460 exemplaribus
990 4379 1084 4461 primi
1098 4378 1169 4441 libri
1181 4379 1301 4465 Regum
1315 4400 1385 4464 cap.
1396 4380 1468 4443 xvii.
1483 4401 1607 4442 comrn.
1620 4394 1651 4446 4.

611 4459 798 4525 attribuitur
811 4483 866 4523 sex
881 4463 1063 4527 cubitorum
1079 4464 1219 4527 etunius
1235 4463 1567 4549 spithamaealtitudo.

656 4545 741 4610 lbid.
762 4545 784 4608 l.
799 4564 831 4623 9.
861 4551 985 4630 Χενερὴς,
1012 4548 1057 4624 ἔτη
1081 4546 1134 4632 ist]
1166 4550 1361 4614 Exciderunt
1386 4551 1456 4614 haec
1482 4557 1522 4614 e'x
1547 4549 1651 4616 altera

612 4631 783 4716 Dynustz'a.
820 4631 904 4697 Vide
922 4633 1059 4719 Syrrcellr'
1074 4657 1148 4720 pag.
1164 4648 1214 4710 57.
1258 4635 1379 4700 Censet
1393 4652 1502 4699 autem
1518 4638 1650 4701 Goarus

611 4718 756 4804 posuisse
772 4717 939 4785 Eusebium
960 4719 1001 4783 ad
1023 4719 1086 4784 hoc
1108 4742 1225 4785 nomen
1239 4720 1284 4799 ἔτη
1301 4721 1358 4787 κδ’.
1372 4737 1405 4789 at
1420 4722 1546 4788 numeri
1559 4722 1651 4809 prip-
