4092 5675
719 755 773 824 IN
793 755 1018 824 AFRICANI
1042 754 1298 824 CHRONICA.
1464 776 1531 845 353-

484 931 508 968 “
523 924 694 1000 sabianum
716 925 918 994 chronicum
943 939 1079 993 verteret
1101 926 1334 1027 Hieronymus,
1357 926 1414 1015 qui
1437 927 1527 993 Afri·

482 1013 595 1078 “cani
619 1012 806 1079 Chronicon
828 1015 943 1079 Latine
964 1025 1135 1092 verterant,
1150 1015 1176 1078 F
1176 1028 1317 1100 astuque
1338 1011 1528 1079 Consulari-

481 1104 507 1139 “
520 1097 585 1164 bus
597 1103 756 1185 aptarent,
767 1113 801 1165 et
816 1100 946 1165 diversis
960 1099 1077 1165 deinde
1092 1099 1291 1185 temporibus
1304 1099 1345 1164 ad
1359 1121 1452 1175 suam
1466 1120 1525 1165 cu·

480 1181 738 1336 libitui?
749 1186 845 1338 ll}
859 1185 1524 1338 alillrtlillllndnl‘sz:

481 1360 507 1396 ‘⁴
520 1355 593 1420 ensi
608 1354 774 1438 discimus,
792 1357 833 1422 ad
851 1357 945 1446 cujus
965 1358 1061 1422 linem
1079 1358 1141 1422 ista
1161 1356 1332 1444 subjuncta
1352 1356 1525 1443 legimus.”

480 1440 627 1518 Tantum
640 1441 843 1509 Dodwellus.
886 1445 996 1531 Atque
1008 1442 1050 1508 de
1065 1442 1254 1532 fragmentis
1267 1440 1456 1541 hujusmodi
1472 1465 1525 1508 ss·

482 1525 550 1592 tius
571 1528 669 1593 luerit
691 1528 793 1609 silere,
813 1529 917 1594 donec
942 1529 984 1593 ad
1005 1528 1064 1593 has
1085 1551 1158 1593 oras
1179 1527 1339 1614 appulerit
1356 1527 1528 1595 Eusebiani

483 1609 631 1678 erronei
650 1612 769 1702 integri
787 1615 902 1680 Versio
922 1613 1116 1680 Armeniaca
1137 1636 1157 1679 a
1178 1613 1344 1678 monachis
1361 1615 1395 1678 S.
1410 1615 1527 1680 Lazari

481 1693 631 1764 Venetiis
645 1697 718 1785 jam
735 1701 818 1787 jam,
834 1713 872 1764 ut
886 1700 971 1765 fama
985 1700 1121 1781 ferebat,
1135 1698 1259 1765 edenda
1273 1721 1350 1763 cum
1367 1699 1525 1787 interpre-

482 1783 608 1850 tatione
622 1806 681 1849 sua
693 1786 810 1850 Latina
821 1786 957 1875 adjecta.
1001 1786 1143 1851 Plurima
1155 1807 1229 1850 vero
1244 1784 1348 1866 video,
1363 1807 1435 1872 quae
1459 1788 1526 1851 'am

482 1868 626 1934 antesin
637 1871 855 1956 superioribus
866 1894 887 1935 a
897 1893 951 1936 me
965 1883 1087 1937 statuta
1101 1883 1193 1937 erant
1203 1869 1245 1938 de
1256 1870 1404 1954 Africani¹
1413 1892 1453 1937 ca
1465 1894 1525 1938 cu·

480 1951 524 2020 lis
540 1976 582 2020 ex
602 1954 698 2021 veteri
717 1955 781 2022 isto
802 1979 936 2023 recensu
955 1957 1084 2022 firmari.
1127 1958 1240 2036 Porro,
1279 1957 1420 2022 roefixum
1437 1955 1526 2024 idem

481 2053 698 2140 augmentum
720 2042 819 2107 fuisse
840 2043 1057 2110 Roncallianae
1079 2058 1177 2129 atque
1197 1978 1405 2110 Valiarsianae
1431 2042 1528 2108 Claro·

481 2145 548 2191 nter
562 2124 733 2191 Easclzani
753 2128 960 2207 editionibus,
976 2150 1061 2193 nunc
1083 2128 1201 2193 certior
1222 2129 1326 2193 fuctus
1347 2150 1433 2194 sum.
1475 2131 1526 2194 Ita

482 2211 574 2276 enim
592 2210 635 2276 ad
654 2233 696 2298 pa
722 2229 798 2296 ‚70.
822 2213 1008 2279 Ronoallius
1019 2238 1030 2293 3
1054 2219 1078 2253 “
1093 2213 1176 2278 Haec
1198 2235 1271 2300 quae
1292 2229 1472 2301 sequuntur
1491 2215 1526 2279 in

481 2296 685 2362 “Parmensi
748 2300 782 2363 S.
804 2321 877 2385 quae
898 2298 975 2364 licet
996 2320 1061 2363 uon
1082 2298 1146 2363 sint
1171 2298 1303 2364 Eusebii
1327 2312 1385 2364 aut
1407 2300 1528 2365 Hiero·

481 2388 506 2424 ‘⁶
519 2382 625 2471 nymi,
636 2397 744 2448 tamen
759 2405 833 2449 cum
851 2385 883 2449 in
897 2384 967 2449 aliis
979 2406 1110 2472 quoque
1123 2385 1213 2449 libris
1227 2384 1339 2449 viderit
1355 2386 1526 2465 Pontacus,

481 2473 507 2594 ε
519 2467 623 2620 abio
637 2469 814 2618 btabpantur
826 2470 1058 2621 emendGaUtiors,
1070 2471 1194 2621 plappit
1203 2470 1363 2620 Ἥξειεὶο
1377 2471 1526 2536 subdere.

608 2576 657 2618 rne
692 2577 703 2618 ι
720 2577 739 2619 a
761 2576 799 2619 ue
812 2577 910 2620 omnes
972 2579 1032 2621 nan
1047 2577 1116 2620 secu
1160 2578 1212 2621 nm
1265 2578 1347 2621 teron
1370 2578 1456 2621 mam
1471 2579 1525 2621 an.

481 2645 507 2681 “
522 2577 760 2706 nucccxcvl
789 2641 869 2705 Item
883 2643 1049 2706 sonandam
1064 2641 1194 2707 Veteres.
1226 2642 1277 2708 Al
1292 2579 1414 2707 Adime
1430 2664 1465 2707 ιιι
1489 2664 1526 2707 ue

483 2729 508 2765 “
521 2722 566 2790 ad
574 2723 743 2790 Dilauiarn
753 2748 805 2790 an.
821 2746 945 2792 sanxx.
960 2729 1032 2810 (sic)
1047 2728 1081 2792 A
1092 2726 1221 2793 Diluvio
1235 2728 1381 2815 usquead
1390 2728 1450 2793 &c
1515 2775 1523 2795 .

481 2815 508 2851 “
520 2809 639 2893 ITEM
653 2810 830 2878 secundum
846 2813 1037 2880 Africanum
1052 2814 1109 2901 qui
1123 2813 1169 2880 de
1178 2815 1379 2901 temporibus
1394 2814 1477 2881 &c.’'

527 2896 564 2962 P.
578 2912 648 2976 195.
662 2898 685 2965 l.
696 2906 727 2963 6.
750 2921 815 2958 cum
828 2901 1102 2987 Alexandrinorum]
1117 2900 1194 2965 Cor.
1208 2924 1278 2965 cum
1288 2901 1524 2981 Alexandrinis,

483 3004 561 3049 nam
577 2982 625 3048 sic
638 2982 874 3050 emendandum
889 2985 998 3051 locum
1014 3008 1083 3051 esse
1098 2986 1239 3052 ostendit
1253 2986 1333 3052 illud
1349 2987 1389 3053 ad
1404 2988 1460 3052 lin.
1476 3001 1524 3054 18.

483 3068 697 3134 Macedonum
721 3069 924 3154 Principatas
949 3093 1018 3137 earn
1039 3070 1266 3136 Alexandrinis
1289 3083 1320 3137 et
1345 3072 1526 3138 Ptolemaeis

484 3153 662 3221 muriceo.
704 3156 777 3221 Nec
802 3157 980 3241 poenitebat
1002 3179 1056 3220 me
1078 3156 1176 3242 hujus
1198 3157 1442 3236 emendationis,
1465 3158 1527 3223 etsi

546 3253 600 3305 tea
622 3239 687 3306 vidi
707 3241 898 3328 particulam
921 3252 952 3305 et
977 3263 1038 3327 pro
1062 3262 1132 3305 carn
1157 3242 1361 3306 exhibentem
1385 3243 1526 3307 Roncal·

498 3326 579 3391 um.
624 3327 715 3391 Idem
737 3327 820 3392 infra
839 3327 880 3392 ad
901 3326 958 3393 lin.
972 3345 1003 3406 9.
1021 3340 1098 3413 post
1118 3324 1312 3414 cataclysmo
1336 3326 1437 3392 habet
1458 3327 1527 3393 Nae

483 3432 694 3563 Pibiilifi.
716 3497 791 3561 anns
807 3498 1004 3584 neena]
1019 3498 1067 3565 At
1080 3497 1212 3563 minime
1228 3496 1363 3563 auarum
1376 3497 1526 3649 eripuis

482 3580 661 3649 Africanus
685 3604 786 3648 annos
809 3590 898 3650 2262.
923 3606 943 3649 a
969 3584 1099 3650 Mundo
1125 3582 1269 3649 Condito
1293 3583 1334 3649 sd
1357 3582 1458 3650 Catac
1471 3607 1527 3672 ys·
1635 3617 1638 3621 ·

484 3690 577 3735 mum
593 3668 770 3754 collegerit,
784 3668 877 3756 cujus
893 3671 988 3734 verba
1002 3669 1095 3736 attuli
1114 3669 1147 3735 in
1164 3671 1240 3755 ῥήσει
1255 3689 1345 3735 v111.
1429 3717 1437 3735 .
1455 3684 1523 3749 109.

485 3754 659 3821 imovero
685 3775 814 3819 causam
836 3754 939 3830 additi
961 3756 1097 3821 vicennii
1122 3755 1168 3821 ita
1190 3755 1339 3865 exposuit
1414 3754 1527 3842 orgius

483 3839 657 3928 syncellus
670 3840 712 3906 ad
731 3862 763 3926 p.
776 3854 825 3904 20.
845 3841 1076 3929 Chronograpll.
1098 3847 1286 3906 Messanae
1299 3841 1440 3927 γενὸμνος
1455 3848 1525 3904 ἑκα-
1618 3922 1620 3927 Ι

483 3926 531 3990 τὸν
543 3927 677 4004 &isam
697 3928 760 3990 inid
780 3930 846 3989 ineis
861 3926 1001 4013 ἒγίινησεν
1013 3931 1059 3992 τὸν
1072 3927 1181 4013 Λάμεχ
1199 3931 1239 4013 τῷ
1253 3932 1375 4036 χιλιοςῷ
1389 3952 1525 4013 τετρακο-

482 4015 572 4097 arafa?
584 4019 746 4096 ττιντικοςῷ
759 4012 884 4099 τετάρτῳ
902 4013 954 4077 ἔτει
969 4020 1018 4078 τοῦ
1033 4013 1140 4094 adeps.
1162 4018 1224 4077 rard
1237 4015 1265 4075 δι
1278 4021 1332 4076 τῶν
1348 4013 1526 4100 ἀιτιγςίιφοιι

483 4102 526 4184 τῷ
538 4103 665 4181 isarno}
685 4101 840 4184 ὀγδοηκοςῷ
859 4096 963 4185 ἕὸδόμῳ
976 4099 1028 4163 ἔτει
1043 4105 1128 4162 αὐτοῦ
1141 4098 1328 4162 Mnasias
1342 4097 1528 4184 pigneraveris

508 4183 611 4260 irrnaw
625 4183 744 4268 Λάμεχ·
768 4183 805 4258 οἷς
824 4186 871 4246 καὶ
890 4190 903 4246 d
922 4188 1086 4270 Ἀφρικανὸς
1104 4185 1297 4260 ἀκολουθήσας
1318 4188 1358 4270 τῷ
1380 4188 1527 4272 ὃιχιλιοςῷ

484 4207 652 4354 immensi
673 4274 793 4354 ἑξηκοςῷ
815 4269 928 4357 δευτέρῳ
950 4271 1001 4334 ἔτει
1023 4279 1072 4334 τοῦ
1094 4271 1199 4353 κόσμου
1216 4269 1262 4334 rdr
1283 4269 1325 4333 ’rai
1345 4273 1411 4335 Nais
1431 4298 1526 4335 κατα-

486 4358 614 4437 κλυσμὸν
629 4355 813 4440 ἔςιιχείωτεν.
848 4353 969 4420 Confer
985 4357 1063 4421 item
1077 4371 1146 4420 not.
1162 4354 1204 4419 ad
1219 4356 1322 4420 Num.
1339 4376 1393 4420 vl.
1408 4377 1440 4441 p.
1456 4369 1526 4420 243.

483 4440 540 4506 De
553 4442 696 4504 numeris
710 4454 817 4504 autem
837 4440 903 4503 fere
923 4444 1085 4521 omnibus,
1101 4443 1158 4527 qui
1177 4457 1366 4528 sequuntur,
1381 4462 1461 4504 verae
1477 4441 1526 4503 A·

484 4524 601 4591 fricani
622 4526 778 4591 chronolo
804 4527 843 4589 iae
864 4537 962 4611 atque
984 4526 1061 4592 huic
1080 4527 1263 4612 fragmento
1281 4527 1395 4592 melius
1410 4544 1527 4588 conve·

485 4610 546 4676 nit.
582 4613 665 4677 Mox
679 4626 744 4677 tam
760 4548 1029 4698 adlin15.qusm
1043 4611 1086 4677 ad
1096 4611 1154 4679 lin.
1169 4626 1218 4690 17.
1240 4613 1382 4702 Regnum
1393 4628 1453 4697 pro
1464 4610 1527 4677 aa·

483 4718 565 4785 gum
579 4696 679 4772 habet
695 4696 893 4767 Roncallius.

531 4802 623 4849 voc.
640 4805 685 4848 11.
1007 4801 1063 4847 sa
