4092 5675
722 750 774 820 m
796 750 894 820 cnr
917 749 1213 824 suasurum.
1439 772 1481 843 a

451 924 575 992 Christi
595 923 734 991 coelestis
752 924 857 1011 origo,
876 946 933 990 seu
946 922 1052 990 divina
1066 938 1190 1003 natura,
1203 922 1319 989 humili
1333 934 1484 990 terrente·

448 1034 514 1098 que
528 1010 826 1076 Theodotianorum
841 1009 1006 1075 sententiae
1020 1011 1142 1108 opponi
1152 1011 1285 1076 videtur.
1307 1010 1392 1075 Nam
1408 1032 1485 1097 pro-

447 1098 560 1184 posuit
581 1096 643 1162 sibi
663 1110 775 1162 auctor
794 1095 875 1162 illud
891 1095 925 1160 S.
934 1096 1065 1160 Joanms
1077 1097 1122 1161 iii.
1135 1111 1184 1161 so.
1200 1096 1256 1162 ubi
1274 1096 1415 1183 baptista
1426 1096 1484 1177 ait,

449 1187 549 1248 ἐκεῖνον
561 1186 601 1247 δεῖ
618 1182 818 1264 ωδξάνενν,.ἑμὶ
836 1184 864 1245 δὲ
884 1185 1059 1262 δλωτδοῦἃω·
1083 1181 1211 1246 ὅᾶνωδεν
1224 1182 1379 1269 δρχόμονος,
1394 1182 1484 1247 &aas

448 1270 569 1334 πάντων
582 1274 646 1341 ὂςον·
659 1274 673 1334 ὁ
688 1266 768 1332 alala
784 1273 831 1345 τῆς
844 1273 908 1354 γῆς,
920 1271 951 1329 ἐκ
967 1274 1013 1344 τῆς
1026 1274 1078 1353 γῆς
1093 1273 1144 1347 ἐςι,
1156 1270 1203 1336 καὶ
1219 1274 1250 1332 la
1263 1273 1311 1344 τῆς
1324 1274 1376 1353 γῆς
1389 1272 1485 1333 λαλεῖ·

450 1362 466 1428 l
480 1359 512 1418 lx
525 1361 561 1419 τῦ
579 1357 666 1442 sparsi
681 1352 837 1440 δρχδμενος,
851 1353 940 1419 ἐπάνω
953 1354 1136 1427 σάντωνὶςῖ.
1162 1355 1324 1419 Caeterum
1340 1353 1381 1418 de
1395 1354 1485 1419 cultu

450 1442 569 1508 artium
586 1454 619 1504 et
633 1439 849 1518 scientiarum,
861 1462 959 1526 quem
981 1454 1106 1504 auctor.
1117 1439 1170 1504 hic
1190 1440 1362 1524 improbat,
1379 1440 1487 1504 videa-

451 1540 507 1592 tur
528 1525 745 1602 Moshemius,
763 1525 930 1590 commem.
953 1527 1003 1590 De
1023 1524 1124 1590 Rebar
1147 1525 1391 1592 Christianorum
1412 1536 1487 1591 aste

454 1612 615 1679 Constant,
631 1612 684 1675 M.
700 1610 781 1675 Saec.
800 1609 939 1676 Secund.
955 1626 1033 1675 sect.
1043 1612 1124 1676 xxvi.

497 1699 532 1762 P.
546 1712 595 1760 ll.
611 1697 675 1778 1.-2·.Ι
698 1695 847 1773 Εὐκλείδης
865 1703 933 1779 γοῦν
951 1696 1036 1781 vapsi
1056 1722 1128 1760 τνσνν
1147 1699 1236 1760 αὐτῶν
1250 1696 1395 1777 φιλοπόνως
1409 1721 1486 1781 γιον,

451 1783 604 1867 μηροῖπω]
635 1781 768 1850 Rufinus
795 1783 899 1859 vertit,
921 1781 1065 1867 Denique
1089 1780 1238 1846 Euclides
1261 1782 1346 1866 apud
1367 1804 1416 1846 eos
1437 1782 1487 1847 vel

451 1868 590 1934 maxlnw
610 1867 643 1932 in
662 1867 841 1953 gemnetrr'ae
854 1866 1026 1951 disciplinis
1039 1868 1134 1953 viget.
1171 1867 1354 1945 Masculus,
1370 1879 1486 1933 terram

453 1952 556 2020 sedulo
571 1953 710 2018 metitur.
747 1952 810 2017 Sed
827 1952 1149 2039 Christophorsonus,
1166 1963 1292 2037 propter
1330 1954 1488 2019 emnetra'oe

453 2052 555 2105 artem
568 2036 829 2118 eniserecolitur,
843 2061 914 2125 quae
929 2037 1063 2126 quidem·
1076 2038 1295 2125 interpretatio
1340 2041 1487 2108 alesianae

452 2126 500 2191 illi
515 2125 627 2190 similis
640 2138 701 2188 est.
1479 2182 1482 2190 ,

498 2211 582 2275 lbid.
598 2210 621 2274 l.
632 2223 663 2275 4.
685 2210 808 2285 Γοληνδς
820 2212 878 2293 γὰρ
891 2208 972 2292 ἴσως]
985 2208 1127 2273 Galenus
1141 2210 1227 2274 enim
1240 2209 1281 2274 de
1296 2209 1406 2295 figuris
1419 2210 1487 2298 syl·

453 2296 671 2382 logismorum
685 2310 719 2364 et
733 2294 773 2359 de
787 2308 857 2360 tota
871 2294 1075 2381 philosophia
1087 2295 1185 2359 libros
1199 2297 1440 2381 conscripserat,
1451 2309 1489 2361 ut

454 2405 495 2447 ex
509 2382 666 2447 librorum
678 2382 748 2480 ejus
761 2380 866 2444 indice
879 2380 1117 2467 cognoscimus.
1161 2382 1222 2445 Est
1237 2393 1345 2444 autem
1363 2380 1489 2447 illustre

455 2469 519 2533 hoc
533 2467 755 2539 testimonium
770 2466 811 2529 de
827 2465 963 2544 Galeno,
978 2467 1096 2552 quippe
1109 2465 1196 2552 quod
1210 2467 1349 2530 auctoris
1367 2470 1409 2531 sit
1430 2489 1488 2531 an·

452 2552 640 2641 tiquissimi,
655 2564 688 2616 et
703 2552 817 2616 Galeni
832 2551 1030 2638 temporibus
1046 2574 1125 2637 pene
1144 2551 1284 2638 aequalis.
1329 2554 1399 2617 Nec
1414 2574 1490 2618 vero

452 2662 496 2709 ex
510 2640 575 2705 hoc
587 2651 714 2704 tantum
729 2637 893 2724 scriptore,
906 2658 1015 2702 verum
1030 2637 1127 2701 etiam
1147 2658 1187 2703 ex
1207 2637 1277 2703 aliis
1290 2638 1490 2737 quampluri·

455 2724 625 2792 busidem,
634 2723 785 2809 colligere
800 2723 885 2800 licet,
900 2722 955 2808 qui
971 2723 1132 2787 Galenum
1146 2722 1314 2790 Aristoteh
1328 2746 1366 2789 ac
1380 2724 1490 2789 Theo·
1506 2724 1510 2735 “

454 2812 601 2899 phrssto,
629 2809 755 2958 ips'ugue
782 2808 864 2875 adeo
893 2809 1019 2875 Platoni
1045 2831 1171 2895 aequsre
1200 2832 1264 2874 non
1292 2808 1490 2879 dubitarunt.

457 2899 556 2963 Certe
570 2895 694 2962 Alexan
716 2917 751 2958 er
764 2894 1023 2981 Aphrodisiensis
1044 2895 1077 2959 in
1096 2895 1214 2959 librum
1230 2892 1378 2961 octavum
1391 2898 1492 2982 Topi-

453 3005 570 3049 corum
588 3004 654 3047 nou
667 2980 781 3068 procul
793 2982 835 3047 ab
851 2981 953 3059 initio,
966 2981 1043 3046 satis
1057 2981 1177 3046 indicat
1189 2982 1236 3045 ita
1249 2982 1414 3048 omnesde
1425 2985 1492 3048 Ga·

456 3069 532 3135 leno
553 3067 761 3134 existimasse.
805 3067 978 3152 Postquam
1006 3066 1090 3129 enim
1117 3067 1229 3132 docuit
1248 3068 1491 3152 problematum

455 3156 522 3220 alia
541 3154 634 3232 ἔνδοξοι
654 3174 736 3232 esse,
752 3153 814 3216 alia
827 3151 925 3230 ἄδοξα,
940 3166 973 3216 et
987 3151 1079 3229 ἔνδοξα
1093 3153 1223 3240 quidem
1240 3153 1273 3217 in
1289 3153 1409 3241 duplici
1422 3176 1493 3218 esse

455 3240 656 3306 differentia:
680 3238 741 3303 alia
759 3238 844 3302 eninr
861 3259 931 3302 esse
947 3240 1053 3315 ἁπλῶς,
1068 3236 1130 3302 alia
1143 3238 1314 3323 οδρνομένωςν
1330 3239 1399 3303 haec
1414 3240 1491 3304 sub·

453 3326 588 3416 jungit3
610 3323 764 3412 ὡρισμένως
782 3326 802 3386 δ’
821 3323 925 3402 ἔνδοξοι,
943 3326 980 3385 τοὶ
1001 3325 1069 3408 τῷδε
1090 3324 1141 3385 τινὶ
1162 3331 1215 3386 τῶν
1237 3325 1344 3401 ἐνδόξων
1363 3324 1490 3408 ἑπόμενοι·

457 3413 524 3491 alar,
539 3409 705 3486 Πλάτωννῆ
719 3412 756 3472 'A
773 3409 898 3488 r5sriha,
912 3408 929 3486 ἢ
943 3413 1070 3493 Γοιληνῷ.
1093 3410 1239 3474 VALEsl
1248 3430 1303 3473 US.

478 3559 482 3564 .
505 3496 589 3563 Ibid.
605 3497 632 3560 l.
640 3514 671 3575 9.
694 3495 741 3562 ἐπ’
760 3496 841 3579 ahor]
858 3493 1009 3558 ἑπέὸοολλον
1024 3493 1100 3558 MS.
1116 3493 1207 3559 Bodl.

452 3630 456 3637 ι
482 3579 690 3648 ·Ibid.l.1J4.
714 3586 752 3646 τοὶ
771 3581 992 3664 Ἀσκληπιάδου]
1017 3581 1117 3665 Apud
1139 3580 1362 3664 Nicephorum
1384 3581 1496 3646 scribi·

458 3682 515 3734 tur
535 3667 784 3745 ιἈονιληπνοδόποο,
805 3666 971 3751 quomodo
992 3666 1087 3730 etiam
1110 3666 1192 3752 legit
1214 3667 1356 3731 Rufinus.
1395 3667 1495 3743 Paulo

460 3770 538 3840 post
552 3753 608 3818 ubi
621 3752 742 3837 legitur
754 3757 792 3815 τὰ
805 3755 865 3838 γοδς
877 3751 1066 3824 Ἀπολλωνίου
1081 3751 1312 3817 restituendum
1326 3765 1377 3816 est
1387 3755 1496 3818 Ἀπολ-

461 3839 575 3903 λωνίδου
599 3860 638 3902 ex
659 3837 856 3901 Theodorito
876 3838 909 3903 in
930 3837 1013 3900 libro
1029 3836 1061 3900 ii.
1078 3836 1298 3902 haereticarum
1315 3837 1496 3903 fabularum

454 3927 568 4011 -capite
580 3939 611 3988 5.
627 3935 712 3987 etex
726 3923 915 4006 Nicephoro
929 3943 966 3985 ac
978 3922 1107 3986 Rufino.
1128 3924 1336 3988 Vssssms.
1369 3925 1499 4001 Ἀσκλη-

458 4010 596 4087 πνοδόποο,
626 4008 716 4094 quod
743 4021 894 4093 praestant
923 4008 1098 4092 Christopla.
1125 4008 1158 4070 in
1184 4009 1286 4072 Lectr.
1313 4021 1347 4073 et
1378 4010 1497 4094 Intarp'.

463 4095 554 4183 quod
567 4095 647 4159 item
663 4116 760 4194 supra
773 4107 860 4158 extat
874 4093 915 4158 ad
930 4115 1004 4179 pag.
1020 4111 1051 4172 9.
1074 4093 1248 4171 Stmthius,
1261 4105 1298 4158 ut
1313 4095 1450 4174 ostendi,
1464 4097 1499 4160 in

463 4194 588 4247 textum
605 4192 736 4266 receprt.
781 4179 861 4243 Fieri
880 4193 987 4243 tamen
1011 4201 1106 4263 posse
1129 4179 1248 4243 fatetur
1266 4178 1331 4259 ille,
1345 4193 1383 4244 ut
1403 4203 1499 4246 suum

463 4266 687 4344 Ἀοκληπιοδότε
702 4287 720 4329 c
735 4265 837 4329 vicino
853 4263 977 4328 Θεοδότε
991 4277 1203 4330 enasceretur.

479 4398 483 4405 ·
511 4352 762 4416 Ibid.l.16.rs
784 4353 826 4428 ὑφ’
853 4350 966 4435 ἑκᾶςοο]
995 4357 1088 4413 ταῦτα
1113 4371 1171 4434 pro
1195 4353 1233 4413 rol
1259 4351 1336 4416 MS.
1361 4349 1500 4438 Norfolc.

467 4437 585 4524 ἑκατέρω
600 4435 760 4522 proluvies
777 4434 951 4520 Christoplr.
966 4436 1069 4500 Leclt.
1081 4449 1115 4500 et
1128 4436 1245 4520 Interp.
1426 4491 1428 4496 .

512 4522 700 4588 P.12.1.1.
722 4526 759 4585 τὰ
781 4523 852 4606 γλ]
881 4524 919 4587 πο
945 4523 972 4584 n
1000 4520 1175 4606 christoph.
1198 4523 1300 4586 Lectt.
1326 4532 1358 4586 er
1384 4522 1500 4609 Interp.

468 4607 553 4672 idem
565 4608 656 4673 ,enim
673 4549 846 4691 Christopl.
861 4608 965 4692 paulo.
977 4622 1051 4672 ante
1073 4607 1196 4693 legerat
1216 4607 1310 4686 πάλιν
1328 4608 1379 4688 μὲν
1398 4609 1502 4683 τούτοις

460 4694 700 4782 -πᾶἙςμοφίλον,
722 4694 892 4759 Sanora.
935 4695 1066 4759 Nomen
1087 4693 1289 4760 Ἀπολλωνίδου
1311 4714 1371 4779 pro
1392 4696 1502 4760 Ἀπολ·
