4092 5675
512 727 749 797 ANNOTAT.
765 729 817 798 IN
837 731 876 796 B.
886 728 1021 796 ALEX.
1033 729 1212 796 HIEROS.
1226 729 1399 797 FRAGM.
1435 751 1483 820 43

437 902 494 989 jus
515 900 664 988 epistolae
685 901 777 966 aliter
797 900 928 987 legitur,
947 901 1010 966 hoc
1031 901 1130 967 modo
1150 902 1330 985 Ἀλέξανδρος
1351 909 1365 967 ὁ
1386 905 1480 978 δοῦλος

441 989 489 1051 καὶ
506 988 615 1069 δέσμιος
627 990 719 1065 Ἰησοῦ
735 992 840 1075 Χριςὲ.
863 988 979 1073 quibus
998 989 1157 1053 consentit
1171 988 1276 1052 Rufini
1291 990 1480 1087 interpreta-

440 1074 500 1138 tio.
522 1075 732 1137 Vnussws.
776 1074 901 1136 Vocem
926 1074 1027 1159 Κυρίου
1048 1074 1164 1138 addere
1186 1073 1408 1158 Charopum
1430 1075 1480 1137 in-

440 1173 525 1243 terp.
541 1180 609 1236 sua,
622 1175 715 1222 notat
729 1156 903 1237 Strothius,
916 1158 971 1221 sed
987 1180 1062 1224 cum
1077 1160 1200 1224 caeteris
1215 1160 1318 1224 facere
1333 1160 1406 1224 Cod.
1423 1160 1481 1224 Ve-

439 1243 509 1307 neti
522 1244 625 1308 Leett.
637 1238 924 1389 Illicephorumque3
938 1245 1055 1330 quibus
1067 1246 1272 1310 consentiunt
1285 1247 1382 1309 etiam
1395 1244 1480 1309 codd.

443 1328 543 1394 Sunii.
564 1351 621 1393 seu
640 1328 734 1393 Bod.
753 1344 787 1393 et
805 1329 943 1427 Norfolc.
982 1329 1099 1394 Codici
1120 1348 1228 1395 autem
1251 1331 1482 1411 Norfolciensi,

442 1415 522 1479 dum
534 1414 665 1501 perinde
675 1428 772 1500 atque
786 1414 911 1501 Regius,
924 1415 1094 1479 articulum
1111 1416 1347 1503 praepositivum
1360 1422 1373 1479 i
1385 1417 1486 1481 omit-

442 1500 495 1579 tit,
517 1500 735 1585 suffragantur
762 1499 967 1585 epistolarum
996 1502 1142 1567 omnium
1166 1510 1220 1566 τῶν
1249 1502 1407 1565 intruditur
1432 1503 1483 1567 in·

444 1585 646 1669 scriptiones.

489 1672 523 1734 P.
535 1686 586 1748 39.
602 1671 625 1733 l.
642 1686 689 1735 10.
712 1676 788 1735 narii
809 1673 854 1735 rin
878 1673 970 1757 καιρὸν
990 1678 1038 1750 τῆς
1062 1675 1178 1760 εἱρκτῆς]
1200 1676 1295 1743 Hanc
1314 1673 1482 1759 epistolam

443 1755 572 1842 scripsit
594 1757 776 1821 Alexander
795 1758 934 1821 fervente
957 1758 1062 1822 adhuc
1085 1762 1319 1845 persecutione,
1337 1782 1412 1823 curn
1433 1782 1487 1823 es·.
1508 1803 1511 1809 -

444 1856 493 1907 set
515 1842 549 1905 in
573 1841 716 1922 vinculis,
740 1865 797 1907 nec
824 1842 901 1907 dum
927 1844 968 1907 ad
991 1846 1211 1930 episcopatum
1237 1846 1484 1932 Hierosolymo·

445 1950 518 1991 rum
534 1926 687 2005 adscitus,
703 1940 739 1992 ut
753 1951 793 1992 ex
807 1928 856 1993 his
870 1929 972 1992 verbis
987 1946 1129 2016 apparet.
1174 1931 1261 1995 Hinc
1277 1945 1325 1995 est
1343 1931 1430 2016 quod
1451 1933 1485 1998 in

445 2013 653 2099 inscriptione
668 2014 813 2099 epistolae
827 2014 968 2101 appellat
982 2037 1016 2079 se
1030 2017 1170 2080 vinctum
1186 2018 1206 2080 J
1208 2039 1264 2081 esu
1280 2016 1412 2082 Christi.
1435 2020 1484 2082 Ex

470 2122 513 2162 uo
528 2098 706 2179 conficitur,
721 2100 805 2164 male
826 2100 857 2164 in
874 2100 1038 2165 Chronico
1058 2102 1191 2166 Eusebii
1209 2101 1412 2187 Asclepiadis
1431 2126 1485 2167 or·

446 2123 645 2249 dinationcm
671 2186 808 2251 conferri
831 2185 864 2250 in
890 2209 1009 2250 annum
1036 2187 1175 2272 primurn
1199 2188 1357 2252 Antonini
1383 2188 1485 2252 Cara-

447 2270 550 2335 callae.
595 2271 683 2335 Nam
705 2271 906 2358 Asclepiadis
929 2272 1089 2335 ordinatio
1109 2273 1247 2357 contigit
1266 2272 1380 2336 eodem
1400 2289 1485 2338 tenr-

448 2377 538 2441 pore,
552 2378 619 2442 quo
636 2357 817 2421 Alexander
835 2359 878 2422 oh
895 2357 1071 2422 Christiani
1090 2356 1228 2420 nominis
1251 2359 1488 2425 confessionem

450 2442 485 2506 in
498 2463 655 2506 carcerem
670 2442 836 2529 conjectus
852 2455 911 2507 est.
957 2442 995 2506 ld
1014 2455 1123 2506 autern
1140 2441 1292 2506 accidisse
1308 2443 1492 2530 principatu⁴

451 2527 556 2592 Severi
582 2527 651 2611 ipse
677 2527 834 2592 Eusebius
861 2541 995 2593 testatur
1021 2529 1052 2591 in
1079 2527 1256 2591 Chronico.
1279 2530 1486 2595 Vauasrus

450 2612 629 2696 Scripserat
643 2614 802 2678 Eusebius
819 2615 878 2678 fine
893 2637 963 2701 cap.
978 2629 1006 2679 8.
1021 2614 1241 2678 Alexandrum
1262 2616 1306 2678 ob
1327 2616 1491 2702 insignem

450 2698 644 2764 Christianae
660 2698 731 2762 fidei
745 2700 978 2764 confessionem
999 2700 1039 2764 ad
1060 2700 1278 2786 episcopatum
1299 2702 1488 2801 Hierosoly-

449 2806 579 2849 morum
596 2799 742 2861 evectum
758 2786 873 2864 fuisse3
897 2786 988 2862 initio
1014 2807 1053 2850 ue
1074 2784 1171 2873 hujus
1192 2808 1263 2873 cap.
1275 2787 1317 2851 xi.
1335 2788 1487 2868 ostend1t‚
1582 2818 1601 2832 x

449 2871 600 2947 eundem,
615 2893 690 2934 cum
735 2871 799 2935 rius
818 2872 851 2934 in
874 2809 1081 2958 Cappadocia
1100 2873 1270 2958 episcopus
1285 2873 1407 2952 fuisset,
1423 2888 1489 2939 sta·

449 2957 508 3021 tim
526 2971 564 3020 ut
579 2893 840 3043 Hierosolymam
861 2970 929 3022 tum
947 2957 1070 3036 orandi,
1086 2972 1158 3022 tum·
1175 2958 1322 3023 locorum
1342 2960 1491 3031 visendo·¹

450 3066 525 3112 rum
546 3042 651 3128 gratia
669 3041 811 3122 adiverit,
826 3043 1014 3128 episcopum
1037 3044 1134 3108 fuisse
1155 3045 1377 3112 constitutum.
1421 3047 1487 3134 Qui

401 3142 402 3145 ’
451 3127 584 3215 quidem
603 3151 675 3192 mos
693 3127 765 3192 loca
781 3151 870 3193 sacra
884 3129 1038 3194 invisendi
1053 3147 1165 3214 postea
1179 3130 1345 3209 increbuit,
1361 3147 1396 3195 ut
1411 3155 1490 3197 con·
1533 3183 1544 3200 .

452 3228 514 3278 stat
531 3236 570 3277 ex
585 3213 677 3276 variis
696 3214 729 3276 S.
748 3214 939 3300 Hieronymi
959 3215 1110 3299 operibus
1130 3238 1204 3280 cunr
1226 3215 1389 3292 aliis,tu1n
1406 3218 1494 3301 Epi,

454 3300 561 3384 tophis
580 3299 650 3385 ejus
666 3298 780 3363 Putrloe
794 3298 1039 3387 Martiumque
1058 3323 1098 3364 ex
1119 3301 1268 3384 Gregorii
1291 3303 1432 3387 Nysseni
1453 3304 1492 3369 de
1592 3345 1595 3356 ·

454 3383 613 3451 Euntibus
628 3383 875 3471 Hierosolymam
891 3384 1048 3470 Epistola,
1061 3407 1295 3533 quamprnnus
1309 3385 1409 3450 edidit
1426 3389 1490 3454 Ca·
1547 3451 1550 3455 ,
1574 3378 1577 3383 ’

453 3471 629 3535 saubonus.
664 3471 726 3533 Res
748 3486 856 3534 auteur
878 3486 1009 3556 propter
1029 3471 1161 3535 similitu
1185 3471 1269 3534 inem
1288 3472 1440 3537 mirabilis
1458 3474 1490 3540 in

453 3556 515 3621 hac
530 3556 600 3642 ipsa
613 3556 689 3619 sede
711 3557 771 3620 sub
794 3557 886 3620 finem
901 3556 1010 3620 saeculi
1027 3557 1143 3620 decimi
1157 3557 1236 3620 sexti
1252 3558 1400 3643 contigit,
1415 3582 1490 3625 cum

455 3644 637 3707 Germanus
661 3641 706 3704 vir
731 3643 893 3728 egregius,
920 3643 976 3728 qui
999 3643 1145 3706 locorum
1164 3664 1324 3706 sacrorum
1349 3645 1494 3711 visendo-

454 3751 527 3792 rum
546 3728 651 3813 gratia
673 3724 935 3815 Hierosolymam
958 3727 1120 3813 profectus
1136 3742 1213 3806 crat,
1228 3729 1377 3793 Abdallae
1393 3733 1497 3816 patri-2

454 3813 561 3878 archae
576 3812 722 3898 precibus
740 3834 906 3910 persuasus
920 3829 981 3891 est,
991 3827 1028 3877 ut
1041 3813 1128 3898 apud
1140 3837 1212 3877 eum
1230 3828 1382 3892 maneret,
1396 3829 1428 3879 at
1454 3839 1500 3885 ue,

455 3899 489 3962 in
504 3897 654 3962 cathedra
669 3899 870 3983 patnarchali
886 3899 946 3985 ipsi
962 3913 1092 3964 mortuo
1108 3899 1303 3963 succederet.
1325 3900 1409 3964 Vide
1426 3903 1453 3965 L
1473 3916 1493 3952 '-

455 3983 581 4069 signani
607 3982 807 4047 [cinerarium
831 3985 968 4049 Londini
993 4007 1078 4048 anno
1105 3999 1192 4049 1801.
1217 3984 1351 4048 editum.
1377 3985 1439 4050 vol.
1458 3988 1500 4052 ii.

455 4091 489 4155 p.
502 4084 573 4133 210.
618 4070 745 4132 Interea
766 4069 852 4150 haud
874 4069 958 4133 male
981 4071 1092 4134 Petrus
1114 4070 1176 4134 Th.
1201 4070 1348 4135 Cucciari
1370 4074 1493 4152 statuit,

456 4154 514 4241 qui
535 4154 640 4219 Rufini
661 4153 747 4217 Hirr.
767 4151 1020 4220 Ecclesiasticam
1038 4177 1122 4219 aurro
1145 4170 1230 4232 1740.
1253 4158 1364 4221 Romae
1382 4158 1495 4234 edidit,

457 4240 612 4326 suspicari
626 4240 731 4317 licere,
746 4240 976 4318 Alexandrum,
991 4242 1052 4324 sub
1077 4243 1193 4306 Severo
1213 4243 1494 4327 comprehensum,

457 4326 590 4402 nonnisi,
602 4341 677 4411 post
694 4325 810 4389 initum
831 4326 997 4412 imperium
1015 4327 1189 4415 Caracalla
1205 4350 1223 4392 e
1237 4329 1369 4392 vinculis
1382 4329 1502 4394 dimis-·

458 4435 532 4477 sum
542 4433 627 4486 esse,
641 4434 680 4474 ex
699 4431 739 4473 eo
758 4412 845 4497 quod
868 4412 973 4475 Severi
995 4414 1210 4498 persecutioni
1233 4414 1326 4479 finem
1350 4414 1496 4500 imposu-

458 4497 521 4560 erit
538 4496 637 4581 ipsius
656 4497 856 4580 imperatoris
874 4498 990 4562 obitus.
1037 4498 1123 4563 Cum
1143 4514 1252 4564 autem
1272 4500 1358 4585 prius
1380 4522 1496 4586 cxpec-

457 4580 556 4660 tauda
570 4581 687 4644 fuerint
701 4583 742 4645 ab
757 4584 836 4648 urbe
850 4586 951 4647 Roma
966 4585 1039 4648 novi
1054 4585 1253 4670 imperatoris
1266 4584 1382 4664 edicta,
1397 4609 1500 4673 quam.

458 4665 635 4747 Christiani
649 4669 861 4745 ecarcerihus
873 4668 1096 4752 educerentur,
1109 4670 1187 4739 nihil
1200 4671 1341 4750 obstare,
1352 4694 1419 4759 quo
1433 4673 1500 4743 mif.
