4092 5675
495 806 562 882 514
836 790 1199 860 ANtrornuouas

499 963 637 1030 ostendi.
681 962 869 1051 Contraque
892 986 956 1052 ego
981 964 1125 1030 nondum
1151 964 1313 1051 intelligo,
1338 964 1413 1044 etsi,
1437 976 1476 1030 ut
1499 964 1542 1031 ait

497 1050 688 1116 Theodotus
702 1051 893 1161 Ancyranus
907 1053 938 1115 in
952 1052 1071 1136 Εομοο.
1090 1050 1228 1140 Symboli
1242 1050 1371 1115 Nacaeaa‘
1385 1054 1416 1135 ξ.
1430 1066 1463 1116 3.
1478 1058 1494 1129 ἡ
1508 1058 1542 1127 εἰς

499 1139 574 1201 Θεὸν
583 1137 676 1211 ὀνυισις
686 1137 723 1200 tia
732 1141 842 1218 οἰφιησιν
853 1141 889 1211 εἰς
897 1135 1040 1224 ώνθροιτον
1050 1137 1130 1223 μόνον
1139 1136 1351 1224 τεριγρώφεθαη
1359 1142 1399 1201 τοὶ
1407 1138 1542 1219 audiaa-

497 1247 548 1301 τα,
582 1223 637 1287 nin
648 1245 719 1287 vere
730 1237 764 1287 et
775 1222 955 1287 orthodoxe
969 1224 1106 1288 alterum
1119 1224 1256 1288 dicatur.
1280 1223 1436 1288 Christus
1447 1225 1542 1303 enim,

497 1308 556 1394 qui
611 1332 668 1374 eus
690 1323 791 1373 estet
812 1307 925 1387 homo,
946 1310 1109 1395 praecipua
1125 1310 1249 1374 ratione
1266 1322 1429 1396 quatenus
1445 1309 1542 1373 homo

497 1393 532 1462 in
546 1409 638 1460 utero
651 1396 690 1459 B.
703 1395 844 1482 Virginis
858 1405 1017 1479 conceptus
1030 1409 1091 1473 est,
1102 1411 1135 1460 et
1147 1409 1305 1496 quatenus
1319 1396 1416 1460 Deus
1427 1396 1540 1460 eodem

497 1479 534 1546 in
547 1495 641 1547 utero
653 1481 771 1558 extitit,
781 1480 856 1568 quia
866 1503 942 1545 curn
956 1480 1088 1546 homine
1099 1482 1140 1547 ab
1153 1504 1224 1567 ipso
1236 1482 1461 1567 conceptionis
1473 1503 1541 1545 mo·

499 1583 612 1631 mento
627 1568 830 1654 conjunctus.
861 1569 933 1632 Nec
949 1590 1024 1631 sane
1040 1568 1226 1633 discordant
1242 1568 1356 1632 isthaec
1369 1590 1449 1631 cum
1464 1567 1542 1631 idio·

395 1694 400 1702 ·
498 1667 626 1718 rnatum
642 1655 891 1731 courmunione3
914 1653 1008 1742 cujus
1022 1653 1152 1741 quidem
1173 1656 1340 1745 egregiam
1357 1654 1542 1739 explicatio·

499 1761 574 1805 nem
597 1739 744 1825 praestitit
767 1762 842 1804 cum
865 1739 941 1804 alibi
964 1755 1035 1804 tum
1054 1742 1087 1804 in
1104 1740 1188 1804 libro
1208 1742 1306 1806 tertio
1327 1738 1543 1825 Expositionis

502 1823 691 1889 Ortdndoxae
711 1825 800 1888 Fidei
820 1827 961 1889 Joannes
983 1828 1218 1904 DamascenuS,
1235 1827 1292 1911 qui
1314 1840 1492 1912 postquam
1514 1826 1542 1890 in

498 1931 571 1995 cap.
583 1924 633 1987 49.
653 1910 707 1992 (al.
720 1918 763 1990 2.)
783 1910 853 1976 haec
868 1909 909 1975 de
925 1911 1144 1976 incarnatione
1159 1916 1279 1997 posuit,
1296 1917 1326 1975 οὐ
1341 1916 1402 1999 γὰρ
1417 1918 1541 2000 aporian-

499 1995 574 2083 ςώση
596 1999 662 2060 καθ’
684 1999 781 2073 iactis
802 1998 887 2082 σαρκί
907 1998 995 2075 ἡνώθη
1018 2002 1031 2059 ὀ
1052 1999 1127 2072 Θεὸς
1145 1998 1249 2081 Λόγος,
1270 2001 1339 2062 ἀλλ’
1359 1998 1543 2076 ἐνοικήσαςίν

498 2084 634 2169 τῇγαςρί
653 2088 701 2159 τῆς
721 2082 809 2167 ayla
829 2082 984 2169 παρθένου,
1005 2084 1210 2171 ἀπεριγρώτίιος
1227 2090 1254 2150 ἐν
1274 2088 1308 2169 τῇ
1330 2089 1420 2149 tamt
1441 2085 1542 2158 ὀτοςώ·

499 2194 555 2246 σοι,
579 2170 611 2231 ἔκ
634 2177 688 2233 τῶν
709 2167 799 2253 οἱγίοιν
820 2174 867 2245 τῆς
890 2169 1068 2254 ὀιειταρθένου
1089 2169 1226 2252 αἰμώταν,
1246 2170 1344 2256 σάρκα
1365 2170 1543 2257 ἰψυχυιμένην

498 2256 582 2364 ψυχῇ
599 2259 700 2341 λογικῇ
715 2254 781 2341 τετὸ,
797 2259 875 2342 roseit
888 2255 1056 2335 ὀτιςήσατο,
1071 2256 1179 2343 pergit
1193 2255 1394 2321 inscribere
1410 2279 1483 2343 cap.
1499 2272 1542 2321 51.

501 2346 634 2418 Θεοτητοι
652 2343 702 2424 μὶν
722 2338 766 2404 οὖν
787 2340 927 2424 λέγοντες,
941 2345 970 2404 oti
987 2342 1212 2427 κατονομώζομεν
1225 2346 1309 2417 αὐτῆς
1322 2346 1360 2405 τοὶ
1375 2348 1425 2419 τῆς
1439 2348 1543 2431 ardga-

499 2425 615 2504 τότητος
630 2426 778 2508 ἰδιώματα·
802 2430 832 2488 οό
845 2430 903 2512 γὰρ
917 2428 1006 2509 φαμὲν
1019 2426 1152 2506 Θεότητα
1164 2431 1309 2506 παθητὴν,
1324 2426 1340 2506 i]
1357 2429 1466 2501 κτιςῆν·
1489 2426 1543 2492 cira

385 2571 391 2586 ,
500 2514 529 2575 δὲ
543 2519 591 2590 τῆς
605 2516 709 2601 σαρκὸς
727 2512 785 2590 ἤτοι
804 2518 853 2589 τῆς
874 2511 1082 2620 ἀνθρωτότητος
1101 2521 1309 2619 κατηγοροῦμεν
1320 2518 1360 2577 τὰ
1373 2520 1421 2592 τῆς
1437 2515 1541 2592 Θεόιη·

500 2625 552 2676 τος,
561 2597 709 2682 ἰδιώματα.
732 2601 763 2661 ori
776 2602 820 2683 γοὶ
847 2616 935 2683 φαμεν
947 2598 1055 2685 σάρκα,
1066 2598 1124 2676 ἤτοι
1139 2603 1340 2687 ὀινθριοποτητα
1355 2598 1485 2673 οἰκτιςον.
1505 2601 1543 2663 ἔτί

499 2686 528 2751 δὲ
542 2691 590 2762 τῆς
604 2683 775 2761 ὀτοςώσευις,
814 2709 843 2771 ,ν
862 2687 895 2747 ἰκ
916 2692 964 2747 τοῦ
983 2684 1199 2771 συναμφοτέρου,
1213 2682 1265 2772 κᾷν
1279 2688 1310 2762 ἐξ
1323 2688 1379 2761 ἑνὸς
1394 2695 1450 2749 τῶν
1462 2694 1543 2773 μερών

499 2771 603 2849 ταύτην
617 2769 806 2856 ὀνομώσοιμεν,
823 2767 983 2858 ἀμφοτέροιν
1001 2778 1056 2835 τῶν
1079 2772 1236 2853 φύσεσιντὰ
1249 2770 1389 2854 ἰδιώματα
1403 2776 1475 2859 αὐτῇ
1489 2776 1543 2837 ἔτι·

499 2856 624 2938 τίθνμιν.
654 2856 701 2920 κοιί
718 2860 778 2942 γὰρ
799 2861 812 2918 ὀ
834 2858 948 2943 Χριςὸς,
963 2855 1027 2940 dorp
1042 2860 1083 2931 ἒςι
1097 2859 1130 2922 τὸ
1144 2857 1359 2942 συναμφότερον,
1375 2860 1425 2923 καί
1441 2860 1542 2944 Θεὸςιῇ

499 2940 642 3027 ἄνθρωπος
657 2938 783 3024 λέγεται,
799 2942 847 3004 καί
862 2943 955 3016 κτιςὸς
971 2942 1019 3005 καί
1034 2941 1158 3022 ώκτιςος,
1174 2944 1195 3029 τὸ
1210 2946 1343 3020 σιαθητὸς
1362 2947 1411 3007 καί
1427 2946 1543 3023 ἀπαθής.

500 3026 548 3105 καί
561 3024 626 3089 ὀταν
642 3029 671 3105 ἐξ
685 3028 740 3100 ἑνὸς
757 3034 810 3090 τῶν
829 3035 928 3112 μερῶν,
944 3028 997 3102 υἰὸς
1014 3031 1077 3091 (aas
1093 3032 1141 3091 καί
1157 3029 1229 3102 Θεὸς
1244 3029 1421 3111 ὀνομώζητση,
1438 3030 1544 3117 δέχεται

499 3116 599 3189 τὸτῆς
613 3110 826 3195 συνυφεςηκυίας
845 3111 949 3195 φόσειος
970 3112 1116 3196 ἰδιώματα,
1131 3115 1189 3191 ἦτοι
1203 3118 1250 3191 τῆς
1265 3115 1381 3199 σαρκὸς,
1396 3117 1472 3192 Θεὸς
1483 3143 1543 3183 σοι·

501 3198 587 3276 θητὸς
611 3198 816 3281 ὀνομαζόμενος,
842 3199 890 3260 καί
915 3200 1006 3286 κύριος
1028 3204 1075 3276 τῆς
1101 3199 1176 3277 ὸόξης
1198 3200 1397 3283 ἐςαυρώμενος,
1421 3207 1453 3265 ori
1478 3204 1544 3266 καθὸ

444 3362 447 3367 .
501 3285 586 3362 Θεὸς,
601 3288 682 3348 ἀλλὰ
696 3287 769 3347 καθὸ
785 3286 832 3346 καί
846 3283 985 3370 ἅνθρωπος
1006 3289 1019 3347 ὀ
1037 3284 1130 3359 αότός.
1159 3287 1207 3348 καί
1222 3284 1287 3349 ὀταν
1302 3285 1447 3378 ἅνθρωπος
1461 3289 1483 3374 οὲ
1497 3290 1545 3362 οἰὸς

500 3371 646 3459 ἀνθρώπου
661 3371 835 3452 ὀνομώζηταη,
848 3369 960 3456 ὸὲχεταρ
973 3373 1010 3433 τοὶ
1023 3376 1072 3447 τῆς
1085 3371 1163 3445 θείοις
1181 3370 1263 3444 riolas
1278 3372 1418 3454 ἰδιώματα
1433 3375 1483 3437 καί
1497 3379 1544 3436 αό-

499 3457 635 3542 χῆματα,
649 3455 762 3519 σσαιδίον
775 3456 939 3542 οιροαιώνιον
953 3457 974 3564 'i
989 3453 1129 3540 ἅνθρωπος
1149 3455 1283 3548 ἄναρχος,
1299 3461 1329 3520 οιί
1345 3459 1420 3521 καθὸ
1435 3461 1546 3524 σταιδίον

503 3543 551 3605 καί
565 3541 719 3626 οἰνθρυιτος,
734 3545 814 3604 ὀιλλοὶ
828 3542 900 3604 καθὸ
916 3547 989 3615 Θεος
1007 3539 1043 3604 oia
1063 3542 1227 3627 οιροαιώνιος
1244 3542 1359 3627 γέγονεν
1379 3548 1419 3608 ἐτ’
1436 3547 1546 3630 igniret

501 3628 626 3691 σιαιδίον.
649 3627 697 3690 καί
718 3625 793 3700 οότός
815 3630 871 3699 ἰςιν
890 3631 903 3688 ὀ
924 3627 1021 3712 τρόιιος
1039 3633 1086 3704 τῆς
1106 3628 1277 3705 οἰντιδόσευνς,
1291 3628 1427 3714 ἑκατέρας
1442 3631 1545 3714 φώσεοις

501 3712 675 3790 ώντιδιδιίσης
691 3717 724 3797 τῇ
745 3710 825 3797 ἑτέρᾳ
838 3717 876 3775 τοὶ
887 3710 945 3775 ’ἴδια
959 3714 1004 3774 ὸιοὶ
1017 3716 1066 3790 τὴν
1079 3718 1127 3790 τῆς
1141 3715 1299 3788 ὀτοςώσεοις
1313 3715 1486 3796 ταυτότητα,
1501 3718 1545 3780 καί

502 3803 550 3878 τδην
573 3804 609 3872 εἰς
630 3797 746 3875 ἄλληλα
766 3802 856 3861 αὐτῶν
877 3797 1082 3885 ωεριχώςησιν.
1112 3804 1186 3863 κατοὶ
1208 3807 1287 3863 τοῦτο
1309 3801 1454 3892 δυνώμεθα
1469 3807 1547 3867 εἰπεῖν

500 3886 561 3972 *regi
579 3891 695 3971 Χριςοῦ,
713 3883 788 3958 οὗτος
804 3888 816 3946 ὀ
835 3884 907 3958 Θεὸς
922 3890 996 3967 ἡμῶν
1010 3886 1053 3946 ἐπὸ
1067 3891 1114 3960 τῆς
1128 3890 1180 3969 γῆς
1198 3883 1287 3967 ὤφθη,
1302 3886 1350 3948 καί
1365 3891 1423 3962 τοῖς
1437 3889 1545 3977 ἀνθρώ-

501 3997 561 4045 ποις
577 3970 795 4057 συνανεστρώφη,
811 3971 859 4032 καί
875 3975 887 4031 ὸ
902 3966 1043 4056 ἄνθρωπος
1063 3969 1150 4049 οὗτος,
1164 3970 1278 4046 οἰκτιςός
1295 3973 1336 4043 ἰςι
1358 3974 1408 4035 καί
1423 3978 1546 4056 ἀταθίης,

503 4056 745 4142 ιηάτερίγραπίος.
759 4055 816 4118 fol.
827 4061 877 4120 66.
890 4055 968 4119 edit.
978 4057 1098 4120 Veron.
1110 4078 1161 4120 an.
1176 4071 1262 4121 1531.
1287 4058 1362 4143 lpse
1374 4081 1451 4123 vero
1466 4062 1547 4125 Ehr-

502 4142 620 4206 lichius
642 4142 800 4219 audiatur,
814 4140 907 4226 cujus
928 4142 1024 4205 verba
1044 4141 1112 4205 haec
1133 4156 1208 4207 sunt
1229 4145 1259 4226 δ.
1274 4165 1325 4205 xv.
1342 4143 1383 4212 ad
1403 4166 1484 4232 pag.
1499 4153 1547 4220 26.

503 4234 529 4267 “
546 4229 583 4290 ln
605 4226 817 4310 explicatione
844 4227 960 4290 horum
985 4227 1154 4293 verborum
1174 4229 1231 4292 diu
1253 4227 1472 4317 multumque,
1493 4232 1548 4303 sed

503 4320 527 4354 “
542 4335 607 4377 non
618 4311 693 4376 satis
702 4311 849 4389 feliciter,
860 4334 912 4376 rne
924 4312 1108 4390 desudasse,
1118 4313 1257 4400 ingenue
1268 4315 1384 4381 fateor.
1412 4316 1449 4379 ld
1462 4318 1548 4382 enim

501 4396 711 4464 “venerandi
732 4397 875 4482 episcopi
897 4419 1037 4461 asserere
1058 4399 1214 4478 videntur,
1234 4399 1323 4486 quod
1345 4400 1377 4463 in
1401 4405 1548 4488 proxime

502 4492 526 4526 “
540 4483 803 4550 antecedentibus
817 4497 948 4568 negant.
972 4484 1121 4549 Profecto
1134 4507 1198 4548 non
1214 4485 1373 4571 intelligo,
1386 4509 1446 4552 cur
1457 4489 1548 4558 Deus

502 4577 525 4610 “
540 4571 572 4635 in
587 4583 697 4634 ventre
715 4567 831 4631 Mariae
846 4568 1035 4632 secundario
1050 4583 1177 4633 tantum
1192 4572 1291 4635 fuisse
1304 4570 1444 4652 dicatur,
1460 4597 1547 4654 cum,

502 4663 526 4696 “
542 4669 578 4720 ut
600 4655 662 4754 ipsi
682 4654 865 4738 opinantur,
880 4652 1066 4738 passionum
1089 4655 1304 4744 principaliter
1325 4656 1413 4721 haud
1432 4681 1547 4750 expers

502 4748 525 4783 “
540 4741 646 4808 fuerit.
682 4738 812 4806 Deinde
826 4737 927 4805 modo
940 4737 1027 4807 dicta
1039 4738 1196 4829 loquendi
1210 4742 1304 4822 ratio,
1317 4743 1360 4809 ab
1374 4744 1439 4818 illis
1454 4745 1546 4817 adhi-
