4092 5675
501 788 562 853 242
754 769 757 778 '
837 770 1199 841 ANNOTATIONES

501 940 614 1019 edidit,
630 940 671 1004 ad
686 963 762 1030 pag.
775 956 806 1007 4.
821 945 903 1009 sicut
916 959 1041 1033 partem
1062 946 1205 1027 illorum,
1222 945 1314 1022 Οὗτος
1332 947 1464 1014 ἁπάντων
1480 947 1545 1015 Sec.

503 1049 606 1112 usquc
622 1028 662 1090 ad
678 1051 787 1093 vocem
805 1030 889 1094 ἐννέα.
1518 1063 1522 1070 ·

546 1115 579 1176 Ρ.
595 1120 661 1177 120.
677 1113 699 1178 l.
714 1135 746 1199 7.
768 1123 821 1179 τῶν
845 1119 899 1180 ἀπὸ
921 1120 1005 1203 Καῒν]
1030 1120 1081 1182 lta
1101 1117 1244 1183 ediderat
1265 1118 1422 1207 Scaliger.
1469 1120 1527 1185 Ha

500 1198 556 1262 bet
572 1214 677 1263 autem
694 1229 760 1277 τινις
773 1224 831 1289 pro
844 1208 898 1267 nir
915 1205 1053 1270 Goarina
1066 1203 1204 1292 Syncelli
1219 1203 1324 1271 editio.

871 1546 880 1562 ‘
986 1548 1049 1612 VI.

544 1717 627 1781 ibid.
644 1717 666 1781 l.
682 1725 728 1782 16.
757 1722 851 1801 Ἀδὰμ
876 1718 1017 1803 «sallpurg
1044 1723 1110 1783 ἐτῶν
1132 1718 1191 1783 rn'.
1217 1718 1291 1805 Sco]
1320 1719 1543 1806 Interpretum

500 1803 606 1867 LXX.
628 1805 902 1889 computationem
926 1817 1055 1870 secutus
1077 1817 1127 1869 est
1149 1805 1340 1884 Africanus3
1363 1806 1459 1894 cujus
1482 1828 1543 1871 no-

500 1912 573 1951 meu
588 1889 663 1953 huic
678 1892 751 1978 ῥήσει
766 1914 841 1955 curn
858 1890 1002 1977 Scaliger
1017 1905 1088 1957 tum
1104 1892 1232 1955 Goarus
1247 1891 1393 1975 praefixit.

547 1974 629 2038 Ibid.
656 1976 677 2039 l.
709 1990 755 2051 17.
783 1977 841 2054 ἤτοι
869 1977 986 2074 δεάτεξον
1011 1976 1145 2061 θάνατον]
1171 1976 1282 2041 Edidit
1304 1977 1464 2064 Scaliger,
1487 1976 1543 2065 qui

500 2061 665 2125 transtulit
688 2063 758 2125 haec
779 2063 811 2126 in
834 2063 1003 2127 Eusebium
1024 2086 1119 2127 suum
1142 2062 1182 2127 ad
1201 2084 1276 2148 pag.
1288 2075 1319 2125 4.
1333 2063 1392 2140 ἦτοι
1406 2064 1457 2126 τὸν
1471 2065 1497 2127 ὃ.
1510 2069 1542 2127 S.

501 2148 634 2232 Spectat
654 2162 760 2212 autem
783 2149 923 2213 secunda
946 2171 1033 2213 nrors
1054 2147 1095 2211 ad
1115 2150 1253 2234 priorem
1277 2146 1369 2211 illam·
1387 2164 1541 2227 mortem,

501 2234 564 2296 sive
590 2233 744 2298 delictum
770 2234 902 2313 Adami,
925 2250 1056 2321 propter
1080 2256 1177 2321 quam
1199 2234 1270 2321 jam
1293 2249 1369 2298 ante
1396 2234 1541 2299 mortalis

502 2319 568 2382 fieri
585 2320 611 2382 is
626 2333 778 2405 coeperat.

544 2406 629 2469 Ibid.
646 2405 666 2469 l.
682 2422 732 2470 21.
755 2410 821 2469 ἐτῶν
835 2405 905 2491 pist]
924 2408 975 2469 lta
990 2405 1118 2469 Goams
1140 2405 1180 2469 ad
1202 2429 1305 2492 marg.
1321 2406 1467 2493 Syncelli
1482 2429 1540 2493 po-

501 2491 566 2555 suit
584 2514 643 2576 pro
664 2490 733 2578 ςζὲ.
750 2494 926 2555 versionem
945 2497 998 2554 τῶν
1020 2490 1052 2555 o‘.
1068 2505 1197 2555 secutus
1206 2516 1216 2571 ;
1235 2492 1304 2577 jam
1320 2493 1407 2555 enim
1422 2497 1539 2557 monu-

500 2592 569 2641 erat
586 2578 728 2663 Scaliger
743 2578 775 2641 in
791 2577 882 2641 Notis
897 2578 929 2641 in
945 2576 1073 2639 Enselir'
1090 2578 1201 2640 Cliton.
1221 2579 1278 2641 Gr.
1293 2577 1334 2641 ad
1348 2600 1426 2663 pag.
1437 2592 1470 2642 4.
1487 2577 1540 2642 ubi

499 2663 572 2725 haec
594 2663 634 2724 ab
657 2685 696 2725 eo
719 2665 823 2747 posita
845 2678 931 2741 sunt,
948 2662 1147 2726 emendanda
1167 2685 1246 2741 esse,
1261 2686 1334 2749 quae
1354 2664 1409 2728 hic
1430 2664 1539 2728 vitiosa

501 2762 588 2825 sunt,
604 2769 643 2810 ex
658 2748 917 2833 chronographio
934 2749 1139 2834 septuaginta
1154 2750 1327 2813 seniorum.
1373 2752 1412 2813 In
1427 2771 1538 2814 nume·

499 2834 543 2898 ris
558 2833 644 2897 enim
668 2834 892 2920 Scaligerianis
911 2835 1021 2898 vitiose
1041 2835 1159 2921 legitur
1173 2858 1269 2921 supra
1283 2835 1325 2900 ad
1339 2835 1397 2900 lin.
1413 2850 1461 2900 10.
1476 2833 1537 2900 σνά.

501 2941 561 3004 pro
573 2918 625 2982 σε’.
638 2920 722 2983 sicut
737 2921 769 2984 in
785 2921 858 2983 God.
869 2921 971 2984 Poris·
982 2935 1034 3004 pr.
1049 2937 1189 2984 erratum
1206 2936 1266 2999 est,
1278 2935 1312 2984 et
1326 2923 1409 2986 infra
1421 2922 1465 2986 ad
1478 2922 1500 2986 l.
1510 2938 1537 2985 2.

500 3004 568 3091 plfi'.
585 3027 643 3090 pro
658 3003 729 3090 pfd‘.
767 3008 820 3084 Et,
835 3019 872 3068 ut
891 3006 996 3070 obiter
1017 3005 1049 3068 id
1070 3022 1193 3084 notem,
1209 3007 1297 3071 haud
1317 3008 1445 3087 dubito,
1465 3009 1538 3094 quin

500 3091 534 3154 in
563 3094 650 3155 Enos
679 3105 773 3156 aetate
798 3092 903 3156 Julius
934 3092 1118 3156 Hilarianus
1149 3094 1260 3156 saeculi
1291 3093 1398 3178 quarti
1428 3108 1539 3158 auctor

500 3176 534 3240 in
550 3177 659 3241 libello
676 3200 734 3242 suo
750 3181 801 3242 De
816 3177 934 3241 Mundi
950 3179 1135 3255 Durotione,
1149 3202 1245 3266 quern
1262 3181 1373 3242 Petrus
1396 3180 1537 3246 Pithoeus

500 3265 624 3349 primus
650 3263 763 3344 edidit,
787 3265 842 3328 ubi
865 3286 950 3327 nunc
973 3264 1104 3350 legitur,
1127 3266 1213 3328 Error
1234 3287 1315 3328 antro
1340 3277 1409 3340 170.
1431 3265 1538 3353 gemit

504 3351 637 3429 Cuinarr,
655 3353 686 3432 ᾧ.
701 3364 732 3414 4.
754 3373 861 3414 revera
883 3351 1044 3435 scripserit
1067 3373 1144 3413 1111110
1172 3367 1239 3428 190,
1263 3351 1537 3436 quemadmodum

500 3460 551 3500 res
571 3459 605 3500 se
626 3437 724 3499 habet
744 3438 830 3522 apud
846 3437 1048 3511 Africanum,
1063 3436 1183 3522 quippe
1203 3459 1278 3500 curn
1299 3437 1486 3502 Hilarianus
1500 3437 1537 3502 ab

500 3523 622 3586 Adami
648 3523 806 3585 natalibus
833 3545 935 3608 usque
962 3522 1001 3584 ad
1027 3522 1181 3584 diluvium
1207 3545 1308 3585 annos
1330 3537 1538 3608 computave-

500 3611 543 3672 rit
557 3621 645 3684 2257.
661 3630 782 3693 cosque
804 3630 866 3671 non
890 3630 964 3670 cum
984 3622 1173 3670 annotatore
1194 3609 1264 3694 ejus
1283 3609 1314 3671 in
1335 3630 1438 3672 annos
1452 3622 1537 3686 2237.

501 3694 742 3758 convertendos.
760 3693 820 3756 vid.
838 3717 869 3777 p.
886 3709 955 3756 235.
972 3694 1129 3757 t01n.viii.
1146 3693 1297 3757 Biblini.
1317 3697 1383 3757 PP.
1402 3695 1537 3759 Gallon-

501 3781 616 3844 dioncc.
641 3782 678 3842 ln
695 3781 901 3865 sequentibus
913 3785 1071 3857 Μαλελεήλ
1083 3801 1142 3865 pro
1153 3784 1325 3858 Μαλαλαὴλ
1338 3780 1444 3845 Codex
1456 3794 1537 3853 nter-

501 3891 560 3954 pne
575 3866 749 3930 Parisinus

546 3956 579 4016 P.
597 3953 741 4028 127.1.5.
764 3951 949 4014 MnSoooo'mn
975 3952 1116 4037 γενόμενος
1139 3955 1205 4014 ἐτῶν
1228 3950 1306 4038 μτζῖ
1332 3950 1474 4036 ἐγέννησεν
1495 3953 1538 4016 tir

501 4039 636 4123 Λάμεχ]
654 4041 727 4102 Hoc
748 4042 813 4100 ἐτῶν
829 4037 906 4123 ρνιξί
924 4039 1049 4102 Goarus
1063 4038 1103 4100 ad
1116 4059 1218 4124 marg.
1235 4039 1377 4123 reposuit
1388 4061 1427 4101 ex
1442 4037 1537 4124 ipsius

502 4125 641 4210 Syncelli
671 4125 856 4187 testimonio
882 4123 924 4186 ad
948 4145 1024 4210 pag.
1040 4139 1088 4187 20.
1118 4145 1177 4208 pro
1200 4122 1271 4210 pnn',
1293 4139 1326 4188 at
1350 4146 1391 4187 ue
1414 4145 1480 4209 ego
1501 4144 1539 4187 ex

501 4210 600 4272 codice
615 4208 712 4272 altero
728 4209 870 4272 Parisino
888 4210 919 4271 in
936 4223 1060 4273 textum
1076 4208 1160 4272 idern
1178 4210 1296 4273 vocavi.
1364 4210 1492 4274 onferas
1506 4222 1539 4273 et

503 4294 646 4361 Clrronr‘ti
655 4294 865 4358 Alexandrini
880 4294 1000 4372 locum,
1012 4317 1107 4381 quern
1122 4295 1164 4358 ad
1178 4298 1280 4359 Num.
1292 4316 1383 4360 vm.
1398 4294 1538 4381 exscrip-

501 4382 539 4446 si.
576 4380 685 4445 Verba
699 4380 841 4466 Syncelli
854 4380 924 4444 haec
939 4397 1032 4444 sunt:
1057 4385 1105 4464 Τῷ
1117 4386 1240 4466 χνλιοςῷ
1253 4386 1463 4467 τετρακοσνοςῷ
1476 4406 1540 4445 τεν·

500 4471 609 4551 τηκοςῷ
622 4467 747 4551 τετάρτω
763 4465 813 4527 ἔτει
829 4472 877 4528 τοῦ
892 4466 1009 4548 κόσμου,
1024 4470 1086 4528 τινὰ
1100 4469 1127 4529 δὲ
1142 4475 1194 4529 τῶν
1210 4467 1386 4553 ἀντιγράφων
1408 4473 1449 4552 τῷ
1471 4474 1538 4530 ina·

500 4559 573 4638 τοςῷ
589 4555 744 4638 ὀγδοηκοςῷ
756 4550 859 4638 ἑάδάμῳ
875 4551 925 4615 ἔτει
941 4556 1013 4614 αὐτά
1028 4554 1203 4616 Μάθεσάλα
1217 4552 1341 4638 φέρουσιν
1353 4556 1402 4630 τὴν
1415 4551 1540 4638 γέννησιν

500 4638 619 4722 Λάμεχ·
643 4640 678 4712 οἷς
701 4639 722 4724 ag
746 4642 758 4699 ὁ
779 4639 943 4723 Ἀφρικανὸς
964 4639 1184 4716 άκολεθεσήσας
1209 4640 1268 4702 &a
1291 4639 1325 4704 h.
1340 4661 1369 4702 e.
1393 4638 1426 4702 in
1450 4638 1540 4702 anni!

499 4723 708 4805 Mathusalae,
717 4745 781 4790 11011
792 4724 1287 4813 mundi,eomputandis,quippe
1297 4725 1539 4793 eumAfricano
