4092 5675
605 775 649 846 54
941 763 1292 832 srouuourus.

647 940 662 973 ⁸
682 934 769 992 Hune
782 934 971 1014 Ephesiorum
985 938 1143 997 antistitem
1155 937 1242 997 fuisse
1256 938 1355 997 usserit
1365 939 1476 1000 Auctor
1486 941 1633 1002 Praedesti·

478 1047 482 1060 ’
606 1044 676 1107 testi,
691 1042 738 1098 De
751 1043 853 1099 Haeret.
867 1062 928 1121 cap.
940 1044 988 1101 26.
1002 1045 1111 1112 nescio,
1126 1064 1212 1121 quem
1224 1064 1298 1103 vere.

647 1139 672 1183 θ’
681 1145 748 1203 Hoc
761 1167 820 1205 non
834 1167 870 1206 ex
882 1147 1049 1227 Apollonio,
1064 1149 1114 1207 sed
1134 1159 1164 1207 et
1182 1148 1273 1210 altero
1286 1149 1425 1228 scriptore
1437 1148 1635 1209 Montsniste·

608 1270 669 1314 rum
688 1237 859 1321 adversario,
877 1264 975 1311 narrat
990 1247 1133 1313 Eusebius
1149 1255 1237 1314 v.16.
1263 1235 1443 1313 Fesrrc'rus.
1484 1254 1541 1312 Sed
1559 1254 1637 1314 idem

608 1356 701 1433 ipsum
713 1356 748 1413 de
761 1356 904 1415 Montano
918 1358 1059 1435 sociisque
1074 1358 1267 1436 Hieronymus
1281 1358 1392 1417 videtur
1404 1359 1546 1417 invenisse
1559 1357 1638 1438 apud

608 1461 805 1539 Apollonium,
820 1462 900 1543 cujus
914 1484 985 1543 opus
999 1462 1138 1524 adversus
1147 1466 1259 1522 eosdem
1274 1468 1375 1541 insigne
1390 1472 1417 1521 et
1435 1467 1545 1540 longum
1558 1465 1637 1523 volu-
1666 1500 1670 1505 ·

608 1588 668 1625 men
681 1569 742 1647 ipse
755 1570 790 1626 de
803 1588 855 1627 suo
869 1579 963 1637 vocat,
975 1590 1035 1628 uon
1048 1569 1167 1628 Eusebii
1179 1580 1293 1628 tentum
1303 1569 1394 1627 verbis
1405 1589 1485 1628 more
1494 1588 1547 1632 suo
1559 1590 1638 1630 usus.

609 1672 656 1732 Its
673 1684 768 1732 autem
786 1676 931 1754 scripsisse
946 1673 1156 1753 Hieronymum
1170 1683 1266 1731 censet
1279 1674 1450 1731 Peersouius
1467 1675 1574 1733 Vendit.
1588 1676 1638 1751 lg·

608 1786 665 1835 not.
679 1787 752 1855 pert.
764 1777 788 1836 1.
803 1797 864 1857 cap.
877 1780 904 1837 6.
917 1777 1006 1857 ρ.’88.
1019 1779 1088 1855 quie
1102 1778 1150 1836 ille
1163 1775 1320 1858 Apollonio
1332 1777 1480 1835 tribuisset
1489 1761 1550 1840 'tres
1564 1778 1641 1837 elios·

609 1882 697 1940 libros
716 1883 752 1941 eb
772 1903 916 1962 anonymo
934 1885 991 1957 isto
1009 1884 1254 1959 Montanistnrum
1272 1882 1431 1940 edversario
1450 1884 1638 1961 conscriptus.

609 1988 745 2044 Attamen
760 1988 795 2044 de
806 1988 861 2045 hac
874 2008 906 2045 re
918 1990 1042 2045 maxime
1055 1987 1166 2055 dubito,
1181 2007 1246 2045 uam
1263 1987 1399 2045 Rhodoui
1416 2005 1488 2065 opus
1504 1987 1590 2057 istud,
1604 1995 1640 2046 ut

602 2074 695 2170 supra
707 2075 867 2176 constabat,
882 2092 1076 2170 Hieronymus
1090 2077 1222 2150 attribuit
1234 2094 1266 2151 in
1278 2111 1360 2171 capp.
1371 2090 1420 2154 37.
1434 2100 1464 2149 et
1476 2081 1526 2153 392

648 2204 661 2234 ⁶
684 2195 730 2254 De
747 2198 826 2255 hisce
842 2207 952 2276 septem
968 2197 1140 2256 Tertulliani
1158 2197 1247 2266 libris,
1269 2199 1317 2275 qui
1337 2198 1424 2256 bodie
1445 2216 1504 2256 uon
1522 2206 1637 2286 extent,

608 2302 739 2361 meminit
751 2303 838 2363 etium
850 2302 1044 2382 Hieronymus
1058 2323 1120 2383 cap.
1131 2304 1180 2363 24.
1194 2313 1224 2362 et
1237 2305 1286 2364 53.
1310 2302 1490 2363 Fssnrcrus.
1546 2347 1548 2351 .
