4092 5675
647 787 701 860 ru
721 783 943 859 arricum
966 787 1219 856 cuaourca.
1384 807 1420 874 27
1423 806 1444 877 5

377 961 384 968 “
414 951 539 1046 signari
551 970 677 1046 putant.
705 960 793 1027 Huic
808 973 914 1026 autem
930 961 998 1048 regi
1012 982 1112 1025 annos
1129 970 1175 1036 17.
1187 980 1245 1046 pro
1257 964 1287 1024 6.
1302 960 1444 1046 Scaliger

414 1043 449 1110 in
460 1045 622 1116 &aonam
633 1048 755 1135 Isagog.
766 1048 921 1126 attribuit,
934 1046 1150 1124 Herodotum,
1160 1061 1198 1109 ut
1208 1043 1341 1124 videtur,
1352 1068 1444 1110 secu·

414 1141 481 1210 tus,
493 1130 554 1216 qui
574 1143 683 1196 tamen
701 1153 800 1198 annos
819 1145 944 1197 tantum
963 1139 1009 1196 16.
1026 1145 1280 1194 commemorat:
1301 1135 1386 1194 Μετὰ
1401 1133 1441 1208 δὲ,

412 1213 566 1378 gamma?
579 1217 643 1280 ἔτεα
655 1222 692 1280 ταὶ
705 1218 797 1282 πάντα
809 1215 905 1303 ἔρξας,
918 1221 1033 1302 τελευτᾷ
1045 1222 1085 1301 τῷ
1099 1216 1180 1278 παιδὶ
1194 1214 1295 1298 Ψάμμι
1310 1214 1443 1302 τταραδᾶς

458 1325 577 1460 ΡἭ.
589 1386 612 1450 Ι.
626 1401 656 1450 2.
677 1387 876 1472 αἰχμάλωτον]
897 1385 1047 1474 Supplevi
1067 1382 1154 1449 istud
1169 1406 1208 1449 ex
1222 1384 1331 1449 MStis
1346 1384 1440 1450 Puri·

412 1467 503 1548 uuir,
518 1469 705 1558 Euseliique
718 1473 888 1559 Dynmtio.

457 1553 544 1620 Ibid.
559 1556 583 1620 l.
597 1569 629 1622 4.
651 1557 696 1634 ἔτη
707 1558 751 1642 ἓξ]
769 1557 882 1622 Eusel.
898 1556 942 1633 ἔτη
963 1553 1012 1638 ιζ’.
1048 1555 1157 1642 Atque
1173 1553 1316 1652 Scaliger
1328 1555 1359 1618 in
1377 1556 1439 1619 Ca-

411 1661 485 1704 aon.
500 1641 625 1728 Isagog.
645 1663 745 1707 anuos
766 1651 812 1708 16.
856 1642 919 1707 Sed
940 1641 1038 1727 vulgo
1053 1639 1180 1705 Eusehii
1194 1643 1311 1705 Latmo
1329 1640 1439 1705 Cicron.

410 1745 488 1788 ann.
510 1739 637 1791 tantum
656 1733 687 1790 6.
712 1729 903 1815 quibuscum
924 1740 1020 1813 atque
1042 1727 1195 1791 Africano
1219 1728 1287 1814 ipse
1308 1748 1439 1813 quoque

411 1807 604 1876 Herodotus
618 1813 786 1877 consentit.
801 1814 857 1877 lib.
870 1812 902 1875 ii.
916 1833 985 1896 cap.
1002 1816 1068 1874 161.

455 1895 541 1960 Ibid.
554 1897 621 1960 1⁵.
642 1896 765 1984 Οὔαφρις
788 1898 831 1975 ἔτη
855 1895 917 1982 ubst]
937 1896 1093 1960 Eusebius
1106 1895 1139 1960 in
1155 1895 1326 1981 Dynastia,
1341 1919 1438 1996 quem

410 1993 543 2044 secutus
564 1992 614 2045 est
635 1982 776 2068 Scaliger
795 1983 828 2046 in
851 1984 964 2046 Canon.
979 1983 1103 2068 Isagog.
1118 2003 1217 2045 annos
1228 1995 1277 2044 25.
1294 1982 1439 2046 similiter

410 2077 511 2150 utque
538 2065 736 2146 Herodotus,
761 2067 884 2155 Vapbri
911 2089 968 2130 seu
992 2065 1107 2152 Apries
1134 2065 1252 2130 ibidem
1282 2066 1437 2130 attribuit.

411 2149 479 2214 Sed
503 2149 669 2216 Diodorus
692 2154 817 2218 Siculus
841 2152 898 2216 lib.
914 2154 940 2215 1.
962 2173 1032 2235 cap.
1048 2157 1097 2214 68.
1120 2173 1219 2214 annos
1242 2164 1365 2215 tautum
1388 2166 1437 2216 22.

410 2233 572 2301 Eusebius
585 2237 745 2302 interdum
759 2240 790 2302 in
809 2238 919 2302 Circa.
933 2237 1007 2299 Lat.
1022 2249 1071 2298 30.

455 2319 541 2386 Ibid.
561 2320 585 2384 ὦ
601 2321 792 2408 προσέφυγον]
811 2324 877 2388 Rex
891 2321 949 2384 iste
964 2321 1069 2385 dictus
1087 2318 1221 2402 Vuplrres
1235 2331 1283 2383 est
1298 2342 1317 2383 a
1331 2320 1437 2383 LXX.

432 2425 542 2492 uoque
559 2385 630 2472 lnte
668 2408 787 2472 retibus
802 2409 833 2471 in
844 2405 990 2470 Jeremr'ae
1001 2426 1071 2491 cap.
1084 2403 1155 2468 xliv.
1171 2425 1289 2468 comm.
1305 2405 1364 2468 ult.
1381 2404 1437 2467 sed

442 2489 538 2574 phree
555 2492 605 2558 vel
656 2493 750 2575 ophra
771 2493 924 2570 scribunt,
946 2490 1001 2578 qui
1024 2490 1199 2553 Hebraeum
1222 2490 1366 2554 codicem
1389 2512 1438 2553 se·

431 2589 564 2642 uuutur.

408 2595 433 2662 q
455 2659 577 2728 1bid.1.
591 2674 622 2740 7.
638 2659 768 2748 Ἄμασις
790 2659 834 2742 ἔτη
853 2657 926 2747 pist]
946 2658 1104 2728 Eusebius
1125 2657 1158 2726 in
1175 2656 1317 2727 chronici
1330 2681 1436 2724 exem-

359 2787 361 2794 ·
406 2743 552 2830 pluribus
566 2748 695 2815 exhibet
708 2750 757 2814 vel
772 2749 908 2828 Amasis,
923 2748 1194 2835 quemadmodum
1218 2746 1304 2834 apud
1326 2761 1437 2810 aucto·

391 2831 1438 3007 ·Jalttlffbtttitillitiebrittttttlitittt

403 3000 561 3089 -ridpoauit
572 3019 623 3085 42,
639 3006 744 3071 firmat
764 3025 837 3069 vero
860 3006 1047 3070 Herodotus
1061 3004 1205 3069 Africani
1220 3024 1370 3067 numeros
1384 3015 1436 3067 44.

407 3106 481 3175 cap.
497 3104 545 3153 10.
560 3090 633 3156 libri
646 3091 742 3156 tertii.
779 3090 943 3154 Diodorus
954 3102 1061 3153 tamen
1076 3089 1201 3154 Siculus
1217 3109 1315 3151 annos
1330 3087 1436 3151 eidem

407 3173 480 3259 regi
497 3188 550 3241 65.
564 3175 751 3255 attribuenS,
767 3175 945 3249 Βασιλεύσας
964 3175 986 3237 δ’
1007 3173 1064 3251 ἔτη,
1082 3173 1195 3259 inquit,
1209 3172 1288 3236 arim
1302 3174 1367 3259 πρὸς
1380 3176 1437 3245 τοῖς

407 3258 595 3340 πεντήκοντα,
610 3260 764 3349 κατέςςεψε
779 3262 825 3324 τὸν
839 3261 909 3339 βίον,
923 3261 988 3322 καθ’
1011 3257 1039 3320 ὃν
1056 3258 1154 3344 χρόνον
1175 3254 1330 3338 Καμςῦτης
1351 3261 1363 3318 ὁ
1382 3264 1437 3319 τῶν

407 3344 528 3429 Περσῶν
540 3346 673 3424 βασιλεὺς
691 3346 849 3428 ἒςράτευσεν
864 3344 905 3407 irrl
920 3349 968 3421 τὴν
981 3341 1124 3426 Αἵγυτῑον,
1139 3343 1258 3405 κατὰτὸ
1273 3340 1362 3426 τρίτον
1380 3339 1437 3413 ἔτος

405 3432 457 3503 τῆς
471 3431 598 3507 Ιξηκοςῆς
620 3431 667 3493 καὶ
684 3432 775 3517 τρίτης
791 3429 990 3512 Ὀλυμπιάδος,
1012 3427 1042 3506 ἣν
1062 3427 1137 3489 ἐνίκα
1155 3426 1244 3498 §uilior
1263 3424 1437 3511 Παρμενίδης

406 3516 601 3597 Καμαριναῖος.
614 3516 672 3580 lib.
690 3517 716 3579 Ι.
732 3536 803 3601 cap.
815 3522 867 3582 68.
909 3513 963 3577 Ad
979 3512 1064 3577 hunc
1080 3534 1111 3574 re
1155 3533 1199 3584 m,
1214 3532 1309 3596 quem
1326 3509 1369 3572 ob
1385 3531 1437 3573 sa·

430 3598 574 3679 lentiam,
584 3600 754 3689 justitiam,
764 3600 963 3664 clementiam
989 3620 1041 3676 ue,
1052 3532 1161 3661 lauddt
1171 3594 1334 3660 Diodorus
1347 3615 1375 3658 c.
1385 3609 1436 3672 98.

454 3682 522 3763 lou,
534 3696 617 3751 teste
632 3686 814 3762 Herodoto,
829 3686 917 3749 adiit.
934 3621 995 3747 vid.
1009 3684 1065 3747 lib.
1083 3684 1110 3745 1.
1126 3702 1196 3779 cap.
1207 3695 1257 3744 30.

452 3768 538 3835 Ibid.
552 3771 575 3834 Ι.
590 3784 620 3835 8.
648 3778 791 3857 Ψαμμεχε
810 3771 879 3854 irus]
907 3771 957 3833 lta
978 3767 1072 3833 MSti
1100 3769 1201 3831 Pares.
1224 3777 1258 3829 et
1283 3763 1434 3849 Scaliger.

405 3854 633 3943 Ψαμμαχεςῖης
653 3856 758 3920 editus
781 3798 950 3943 Syncellus.
985 3853 1100 3917 Nescit
1112 3852 1198 3916 hunc
1211 3871 1321 3936 regem
1337 3850 1437 3912 Euse-

365 3960 371 3967 ·
407 3936 487 4017 lias,
501 3962 599 4026 quem
612 3941 727 4005 devicit
742 3941 918 4026 Cambyses
933 3954 1062 4003 mortuo
1074 3950 1163 4023 patre
1174 3934 1286 3999 Amasi
1301 3934 1437 4020 hujusce

407 4022 697 4105 Psammecheritis,
710 4048 767 4091 seu
782 4024 996 4102 Psammeuiti,
1013 4034 1109 4109 prout
1123 4020 1262 4121 appellat
1275 4041 1347 4083 eum
1364 4020 1436 4083 He·

405 4107 556 4175 rodotus.
577 4111 640 4175 vid.
662 4111 718 4175 lib.
738 4112 782 4175 iii.
802 4130 894 4259 ⁰³le
912 4124 958 4173 10.
973 4124 1007 4173 et
1023 4121 1071 4172 14.
1092 4106 1149 4171 ubi
1169 4105 1255 4171 rdem
1276 4104 1435 4169 mensium

406 4194 616 4281 mapatium
630 4218 730 4284 reguo
743 4195 812 4284 ejus
827 4196 868 4259 tri
891 4194 989 4259 uitur.
1110 4257 1116 4267 ,

717 4394 954 4483 omasum
982 4392 1128 4460 xxvu.

448 4530 535 4597 lbid.
549 4528 572 4597 l.
587 4546 637 4597 21.
660 4530 705 4610 ἔτη
719 4532 771 4617 ς’.]
788 4530 944 4595 Eusebius
959 4528 993 4594 in
1008 4528 1148 4613 Dyrraci.
1171 4522 1215 4600 ἔτη
1236 4518 1279 4606 γ’,
1292 4520 1348 4605 qui
1363 4533 1437 4604 post

387 4614 494 4683 laune
513 4616 599 4683 istud
620 4617 755 4696 addidit,
767 4616 871 4702 Μάγοι
888 4620 974 4697 μῆνας
993 4612 1033 4696 ζ’.
1068 4614 1111 4676 Et
1124 4632 1224 4675 annos
1236 4620 1268 4670 4.
1281 4603 1438 4692 Cambysi

403 4702 555 4787 attribuit
573 4702 716 4790 Scaliger
733 4704 766 4768 in
783 4704 940 4768 Canobum
956 4701 1081 4788 Isagog.
1118 4695 1239 4762 Melius
1259 4690 1345 4755 enim
1366 4690 1437 4756 haee

892 4806 915 4851 Τ
931 4800 950 4850 2
1166 4826 1169 4832 ·
