4092 5675
622 758 689 850 ,so
725 760 898 829 Annos.
915 759 966 827 IN
983 733 1169 826 eoucss..
1184 733 1371 854 cosses
1385 758 1601 828 Nasson.

623 932 737 1015 estun,
752 938 766 995 ὁ
779 929 887 1021 'Argois
901 931 986 1015 ἐτάφη
1002 933 1119 1018 ἐντομῇ.
1149 887 1294 1020 ipplpnrer
1314 904 1373 1020 y'oig
1395 932 1432 1007 ὥς
1450 930 1660 1022 rapnidim&

623 1019 705 1093 οὐδεὶς
719 1020 817 1095 αὐτοὺς
828 1024 881 1082 τῶν
894 1015 1031 1081 θεοσεέῶν
1045 1015 1212 1103 negilstete.
1240 1018 1315 1099 perd
1327 1025 1408 1081 τοῦτο
1427 1023 1451 1082 οἶ
1468 1020 1514 1082 ὑπ’
1529 1023 1604 1084 αὐτό
1617 1022 1660 1084 sir

623 1112 681 1190 νοῦν
695 1109 753 1189 pia
772 1103 841 1177 ὄντες
856 1102 1005 1190 inpo‘rrurorr
1018 1102 1083 1166 reri
1096 1103 1128 1165 ri
1142 1102 1246 1189 δόγμα,
1260 1101 1364 1178 τούτοις
1382 1107 1439 1179 τοῖς
1459 1107 1550 1192 ῥητοῖς
1565 1110 1659 1192 irex-

622 1186 731 1270 θέντος,Ι
744 1131 780 1264 oie
793 1188 840 1270 κᾶο
853 1194 866 1251 l
880 1192 970 1253 αὐτῶν
983 1184 1150 1262 διδάσκαλος
1168 1190 1200 1267 ἐξ
1219 1187 1322 1275 ἁρχῆςζ
1348 1185 1393 1252 i're
1411 1194 1471 1276 γὰρ
1492 1190 1660 1279 ἐρωτώμενος

621 1275 676 1339 uos
694 1281 743 1338 τοῦ
762 1273 962 1364 σ’ρετέοττρίου
981 1273 1040 1356 ἔφη,
1055 1272 1102 1336 ira
1118 1275 1192 1337 Θεὸν
1213 1272 1273 1338 διο.
1290 1273 1351 1338 &c.
1396 1275 1514 1357 ,(Ηῑερο·
1541 1277 1658 1363 imque,

621 1359 679 1425 ubi
690 1379 800 1446 supra,
808 1357 998 1445 transcripta
1008 1360 1107 1441 sunt.)
1131 1358 1237 1446 Igitur
1246 1357 1331 1423 uelut
1342 1361 1511 1449 quadame
1547 1372 1599 1426 tus
1613 1359 1659 1432 ii,-

622 1445 711 1510 sania
729 1460 857 1545 passum
878 1467 941 1509 esse
957 1442 1083 1530 patrem
1103 1467 1169 1512 non¹
1184 1442 1339 1509 dubitauit
1361 1467 1505 1511 asserere.
1549 1447 1613 1512 Sed
1631 1458 1659 1512 et

620 1529 735 1617 majore
754 1530 890 1619 quadam
904 1529 1098 1619 arrogantia,
1112 1550 1150 1594 ao
1162 1528 1302 1595 uecudia
1316 1529 1417 1598 elatus
1428 1553 1492 1596 sese
1504 1532 1659 1681 Mogses»,

610 1615 756 1703 fratrem
776 1639 845 1681 uero
868 1638 957 1682 suurn
971 1616 1133 1693 Aaronem.
1147 1637 1211 1692 esse
1231 1614 1326 1679 dizit.
1370 1617 1457 1682 Inter
1472 1615 1544 1682 lues
1581 1628 1661 1682 eatae

620 1701 780 1766 memoriae
796 1700 971 1801 presbyteri
989 1702 1056 1787 ejus
1074 1700 1120 1789 rei
1130 1701 1230 1789 fama
1247 1700 1552 1787 permoti'lominem
1567 1703 1658 1768 advo·

621 1798 718 1866 cant3
740 1787 837 1874 deque
861 1787 909 1851 lus
931 1785 1078 1864 omnious,
1091 1786 1295 1874 interrogant,
1310 1789 1492 1852 utrumnam
1507 1798 1578 1853 tam
1593 1812 1660 1853 aon-

621 1872 814 1937 tunreliosunr
838 1872 871 1936 in
890 1882 1013 1957 patrem
1035 1870 1149 1960 dogma
1168 1870 1383 1960 proposuisset.
1418 1872 1467 1937 At
1488 1871 1545 1937 ille
1561 1881 1659 1939 aaran

615 1956 866 2055 presbyterorum
882 1980 1019 2022 consessu
1030 1957 1199 2043 productus
1212 1956 1347 2043 irofioiari
1356 1958 1473 2042 primo,
1489 1959 1577 2046 qnod
1591 1969 1660 2024 ante

618 2056 721 2192 ipsum
746 2065 832 2126 uerno
858 2053 950 2107 atrox
974 2042 1066 2123 illud,
1091 2054 1186 2131 atque
1206 2041 1335 2107 exitiale
1357 2042 1442 2107 uirus
1468 2045 1659 2111 evomuisset.

649 2139 733 2193 osten
756 2151 836 2208 uero,
864 2151 933 2192 oum
955 2128 1073 2193 rabiem
1102 2149 1190 2193 suam
1211 2126 1381 2207 nonnullis,
1405 2139 1442 2192 ut
1470 2129 1518 2195 ita
1548 2130 1658 2211 dicam,

620 2213 810 2301 aspersisset,
823 2236 860 2278 ae
871 2213 1054 2312 deoemsere
1068 2212 1204 2280 loomines
1216 2213 1275 2279 sili
1290 2214 1500 2302 adjunxisset,
1511 2218 1659 2304 mezy'oren

618 2298 652 2363 in
667 2299 852 2384 superbiant,
868 2310 963 2387 atque
976 2299 1172 2365 insolentiam
1185 2298 1298 2377 elatus,
1312 2310 1408 2387 atque
1422 2301 1573 2365 audatior
1581 2299 1658 2389 faa·

618 2394 681 2465 tus,
699 2384 811 2470 palam
835 2385 977 2449 haeresim
998 2407 1087 2449 suoru
1109 2384 1332 2471 disseminavit.
1367 2384 1513 2450 ‘Proinde
1537 2408 1657 2453 rursum

613 2467 713 2535 iidem
727 2470 778 2535 illi
789 2470 973 2558 presbyteri,
986 2481 1052 2535 tam
1065 2470 1178 2555 ipsum,
1190 2492 1285 2557 quam
1296 2469 1351 2558 qui
1364 2492 1397 2534 se
1409 2470 1452 2533 ad
1466 2494 1538 2536 eum
1553 2471 1658 2559 infeli·

619 2556 697 2647 citer
715 2567 937 2705 aggregarent,
957 2568 1126 2636 arcessunt,
1141 2566 1236 2643 atque
1258 2553 1366 2620 iisdem
1387 2553 1538 2622 derebus
1558 2557 1656 2622 scisci·

615 2651 738 2706 tantur.
781 2642 812 2705 Π
862 2663 930 2706 curn
951 2663 1049 2730 grege
1070 2663 1122 2705 suo
1141 2641 1289 2727 frontent
1311 2639 1491 2790 peffans
1512 2642 1657 2725 audacter

615 2725 824 2792 eontradioere
845 2726 949 2813 eoepit.
984 2726 1049 2791 AC
1069 2726 1158 2814 quid,
1172 2727 1289 2813 inquit,
1308 2748 1341 2790 m
1375 2724 1499 2792 ifecit.
1519 2728 1582 2795 διο.
1600 2729 1654 2795 διο.

618 2809 673 2876 Ad
685 2833 780 2899 quam
796 2812 967 2899 opinionem
980 2833 1051 2877 oum
1065 2822 1240 2885 constanter
1259 2812 1495 2893 adleeresseret,
1510 2837 1584 2880 eam
1598 2832 1654 2903 pa·

613 2897 696 2963 riter
709 2907 804 2985 atque
817 2899 882 2983 ejus
897 2897 1063 2983 discipulos
1074 2898 1113 2962 ol
1128 2897 1254 2964 eeclesia
1263 2897 1400 2986 pellunt.
1440 2898 1593 2966 vMoritur
1606 2901 1653 2985 der

618 2982 689 3048 inde
725 2982 795 3048 aulo
813 2995 888 3068 post
910 2983 1102 3069 cumfratre
1116 3007 1193 3063 suo,
1214 3006 1312 3071 neque
1327 2993 1431 3049 tamen
1446 2995 1505 3048 aut
1519 2984 1578 3050 ille
1586 2986 1651 3072 pari

616 3091 655 3133 aa
713 3091 796 3156 oyses
813 3068 898 3148 olim,
913 3079 968 3133 aut
982 3071 1047 3156 ejus
1054 3069 1167 3155 frater
1181 3069 1297 3148 eadem,
1312 3091 1375 3157 qua
1388 3069 1501 3134 Aaron
1514 3069 1650 3159 loon‘orrst

617 3153 718 3219 centia
739 3154 855 3240 sepulti
876 3166 971 3219 sunt.-
997 3164 1149 3243 tauquam
1166 3155 1248 3220 eninr
1262 3155 1427 3220 desertores
1441 3155 1559 3240 adjecti
1574 3166 1645 3233 sunt,

617 3262 673 3305 neo
696 3239 734 3305 alr
759 3241 822 3306 ullo
848 3239 1068 3306 eotloolieorunr
1092 3241 1263 3326 sepulturae
1287 3240 1442 3306 mandati.
1487 3243 1568 3308 Post
1591 3243 1644 3307 ius

605 3324 674 3414 'qui
688 3339 864 3413 corruptam
883 3327 921 3392 al
941 3350 975 3391 eo
996 3326 1168 3392 doctrinam
1183 3326 1348 3391 loauserant
1361 3324 1447 3391 istud
1460 3324 1564 3412 ipsum
1577 3328 1639 3424 dog·

616 3432 670 3476 ma
692 3411 935 3491 corroborarunt,
952 3412 1071 3494 iisdem,
1094 3411 1203 3500 quihus
1225 3412 1360 3497 ipsorum
1381 3412 1537 3501 magister
1556 3411 1638 3488 initu,
1697 3440 1698 3463 ο

616 3497 714 3562 uerbis
728 3499 864 3564 adducti.
895 3502 983 3565 Nam
999 3521 1074 3564 cum
1089 3499 1350 3586 presbyterorum
1365 3497 1506 3566 concilio
1519 3518 1635 3588 percos

616 3585 697 3648 tanti
711 3583 841 3650 dixisset
850 3607 860 3666 ς
882 3607 1033 3652 unumse
1046 3585 1156 3651 Deum
1173 3584 1232 3650 &a
1247 3583 1306 3650 &o
