4092 5675
568 770 615 843 30
845 751 872 804 -'
903 749 1261 823 annotandum
1288 802 1291 808 -
1323 749 1330 782 ³

571 925 668 989 assisa
684 923 855 1004 strothius,
869 947 965 1014 quem
984 941 1115 992 secutus
1129 951 1213 1005 sum,
1229 926 1360 1014 recepit,
1375 918 1603 1014 Rzfinu'm'Nt'a'

572 1010 657 1098 cepit.
677 1010 893 1076 Tteodsretnm
916 1035 957 1077 ue
977 1028 1123 1078 auctores
1144 1015 1275 1093 habens,
1294 1035 1454 1077 suasorem
1480 1035 1519 1078 ue
1532 1015 1605 1079 Vsa

571 1095 696 1164 lesium.
741 1099 837 1162 Nunc
852 1033 925 1163 addi
941 1100 990 1163 his
1005 1113 1111 1185 potest
1125 1100 1253 1163 Eusebii
1269 1100 1347 1164 MS.
1363 1036 1503 1185 Norfdic.

616 1184 649 1245 P.
666 1197 711 1246 12.
732 1183 794 1248 l.³.
816 1186 859 1247 ὑπ’
881 1189 971 1248 αὐτῶν
995 1184 1262 1272 κατασκευαῶίντα]
1291 1184 1605 1271 Christophorsonus

571 1267 652 1354 legit
662 1270 708 1332 ὑπ’
723 1271 804 1333 αὐτό.
837 1270 1014 1358 Quomodo
1028 1270 1123 1335 etiarn
1140 1271 1273 1334 Savilius
1288 1270 1328 1334 ad
1344 1291 1432 1334 oram
1447 1270 1496 1334 sui
1511 1270 1604 1334 codis

571 1352 618 1417 cis
641 1353 829 1419 emendavit.
873 1356 986 1420 Nostri
1010 1369 1119 1419 tamen
1142 1354 1278 1421 codices
1293 1354 1371 1420 nihil
1397 1369 1524 1420 mutant
1535 1380 1546 1436 3
1568 1370 1607 1424 et

570 1438 703 1524 vulgata
725 1439 822 1505 lectio
845 1441 1050 1505 confirmatur
1072 1456 1141 1505 turn
1163 1464 1203 1506 ex
1227 1441 1444 1528 sequentibus,
1468 1454 1537 1505 turn
1562 1457 1605 1506 ex

570 1524 779 1589 Theodorito.
823 1528 909 1591 Nam
932 1526 1149 1590 Theodoritus
1168 1528 1200 1591 in
1222 1527 1303 1591 libro
1324 1526 1356 1591 ii.
1379 1526 1602 1591 haereticarum

571 1610 750 1675 fabularum
767 1633 836 1695 cap.
851 1628 880 1675 5.
898 1612 992 1698 hujus
1007 1611 1071 1675 loci
1086 1634 1213 1676 sensum
1229 1612 1275 1676 ita
1288 1612 1452 1697 expressit.
1474 1613 1522 1683 οιαὶ
1544 1612 1604 1675 otta

570 1703 650 1759 sotira
665 1696 814 1777 συμφώνως
827 1696 913 1772 αὖτίς
927 1696 1079 1781 δεδρακέναι
1092 1696 1180 1783 λέγει.
1203 1702 1283 1763 ἀλλὰ
1296 1696 1393 1771 ἄλλους
1406 1698 1456 1780 pis
1469 1700 1515 1760 τὸν
1526 1697 1604 1761 Θεί-

571 1782 655 1857 δυσον,
671 1780 767 1867 seips,
788 1784 815 1843 δὲ
836 1785 881 1845 τὸν
898 1782 1115 1860 Ἀσκληπιάδην·
1138 1784 1185 1848 καὶ
1204 1785 1371 1869 Ἐρμίφιλυν
1390 1782 1497 1860 ἄλλως,
1514 1784 1536 1868 ι]
1556 1784 1605 1846 ris

570 1866 773 1943 Ἀπολλωνίδην
792 1866 897 1953 ἑτέρως·
920 1870 941 1953 ι]
955 1868 1098 1932 cosroes
1113 1869 1210 1943 ίνιαςυν
1224 1869 1419 1967 ἐσιδιυριίσεις
1431 1876 1486 1930 τῶν
1500 1868 1605 1932 οίιιείυον

571 1953 748 2028 mornadas.
794 1955 840 2016 Ex
861 1954 976 2039 quibus
996 1968 1138 2063 apparet,
1154 1954 1387 2020 Theodontum
1412 1952 1465 2017 hic
1486 1953 1604 2039 legisse

571 2034 606 2100 in
632 2037 744 2122 plurali
766 2059 899 2103 numero
925 2043 964 2102 τοὶ
981 2065 1123 2125 ’προτερον
1147 2043 1191 2103 ὑπ’
1216 2044 1305 2103 αὐτῶν
1332 2039 1602 2104 κατασκευαθίντα.

573 2124 648 2207 lpsa
667 2139 774 2186 tamen
794 2124 945 2189 orationis
966 2127 1191 2211 consequentia
1209 2147 1339 2211 poscere
1357 2124 1490 2202 videtur,
1505 2142 1543 2189 ut
1558 2127 1603 2187 ὑπ’

571 2213 642 2272 ariri
685 2208 769 2272 otius
790 2207 955 2274 scribatur.
999 2211 1052 2274 De
1067 2211 1136 2275 solo
1151 2211 1235 2275 enim
1249 2210 1445 2296 Apollonide
1465 2209 1498 2274 id
1516 2210 1603 2274 affir-

571 2309 640 2359 mat
656 2229 765 2374 datus,
779 2317 837 2359 seu
851 2298 922 2382 quis
937 2296 1017 2361 alius
1033 2313 1144 2361 auctor
1158 2296 1218 2361 fuit
1232 2295 1318 2397 parvi
1339 2295 1535 2383 labyrinthis
1559 2294 1602 2359 il-

571 2380 640 2445 lum
662 2381 784 2445 scilicet
804 2381 882 2446 duas
903 2381 1058 2447 editiones
1079 2404 1297 2469 composursse
1317 2402 1479 2445 sacrorum
1501 2380 1603 2445 libros

571 2488 654 2545 rum,
669 2483 804 2552 quarum
819 2469 976 2552 posterior
990 2469 1128 2533 multum
1145 2492 1164 2531 a
1177 2468 1282 2553 priore
1304 2468 1455 2531 differret.
1476 2467 1603 2530 vassa

572 2572 671 2615 s1os.
702 2553 751 2615 Ex
766 2553 866 2615 MSto
880 2574 952 2629 suo,
968 2576 1063 2639 quern
1080 2554 1253 2618 Bodleiana
1265 2565 1363 2630 tenet,
1378 2552 1551 2617 lectionem
1565 2550 1605 2616 il·

570 2636 636 2701 lam
656 2636 743 2700 haud
763 2653 942 2721 sumpserat
960 2639 1105 2717 Statilius,
1120 2655 1216 2725 quam
1231 2631 1423 2725 in‘margine
1438 2637 1603 2809 miii·

571 2722 614 2785 ris
627 2722 675 2785 sui
693 2721 915 2809 Stephanianae
934 2724 1011 2787 edit.
1031 2736 1113 2788 teste
1125 2723 1258 2788 Valesio
1279 2723 1439 2808 adposuit.
1473 2720 1527 2786 Ru'
1566 2744 1605 2787 υο

570 2822 678 2908 autem
703 2809 866 2908 interpres,
889 2831 1057 2874 numerum
1078 2809 1245 2896 pluralem,
1265 2811 1297 2874 ni
1318 2809 1423 2890 fallor,
1437 2810 1470 2875 ia
1490 2809 1604 2875 codice

571 2917 632 2958 stan
650 2908 777 2958 rnrenrt.

569 3017 572 3023 ·
615 2979 698 3043 l'bid.
720 2979 742 3043 l.
761 2987 792 3044 6.
818 2979 893 3067 ἇγίφ
915 2979 1057 3063 πνεύμασι
1080 2980 1234 3068 λελέχθαι]
1259 2982 1306 3046 καί
1329 2987 1370 3067 τῷ
1390 2980 1533 3063 υννειίματι
1556 2996 1606 3044 λε·

571 3063 679 3150 λίχδαι
694 3066 769 3130 MS.
786 3065 924 3150 Norsolc.

617 3150 698 3214 lbid.
714 3152 735 3214 l.
749 3169 778 3230 9.
801 3152 915 3235 ἑαυτῶν]
937 3155 975 3231 μὴ
996 3156 1085 3214 αὐτῶν
1104 3152 1181 3217 MS.
1196 3151 1336 3238 Norfolc.
1352 3152 1487 3238 optime.
1529 3153 1605 3214 Sta-

501 3315 504 3321 ,
570 3236 629 3300 tim
646 3251 731 3324 post,
745 3236 817 3301 ὅποτ’
832 3236 911 3324 δυσ]
927 3244 1028 3302 ἑαυτῶν
1042 3238 1119 3303 MS.
1136 3240 1227 3304 Bodt.
1243 3261 1301 3324 pro
1316 3238 1415 3301 ὄσίταν
1429 3240 1477 3302 καὶ
1496 3242 1529 3323 τῇ
1550 3242 1604 3300 αὖ»

569 3347 634 3387 ταν.

616 3409 797 3474 lbid.l.10.
820 3410 867 3473 aad
890 3412 962 3496 παρ’
983 3407 1018 3473 ὧν
1038 3408 1401 3496 sanxissent—lxma]
1427 3408 1511 3471 Tota
1532 3407 1604 3473 haec

571 3495 721 3579 pericope
736 3518 836 3581 usque
852 3496 892 3558 ad
906 3496 1001 3559 verba
1015 3495 1070 3558 illa
1082 3501 1120 3577 μὴ
1135 3494 1237 3580 ἔχωσι,
1252 3495 1344 3558 deest
1357 3495 1390 3557 in
1404 3494 1517 3557 codice
1538 3496 1603 3559 Re·

570 3580 638 3664 gio,
660 3601 719 3642 nec
740 3580 916 3643 admodum
938 3581 1114 3644 necessaria
1136 3580 1214 3644 mihi
1236 3579 1371 3644 videtur.
1396 3579 1533 3642 habetur
1554 3594 1606 3644 ta-

567 3687 644 3728 men
665 3665 695 3728 in
718 3665 929 3728 vetustissimo
948 3665 1059 3729 codice
1080 3667 1169 3730 Maz.
1189 3665 1332 3729 Medae
1350 3665 1432 3728 Fuk.
1447 3681 1481 3728 et
1502 3666 1534 3727 in
1555 3666 1606 3729 in·

570 3751 795 3833 terpretatione
822 3750 938 3814 Rufini.
965 3752 1172 3814 Vsasssus.
1225 3750 1338 3815 Addas
1365 3751 1447 3815 duos
1476 3749 1604 3827 codices

570 3835 672 3899 MSS.
689 3835 786 3900 Sovil.
802 3858 858 3899 seu
873 3835 966 3899 Bodl.
981 3851 1013 3898 et
1028 3835 1168 3920 Norsolc.

567 3961 571 3966 ι
617 3922 698 3985 lbid.
715 3921 737 3985 l.
754 3934 800 3985 14.
822 3919 1001 4006 ἀρνησάμενοι
1015 3921 1061 3984 τόν
1076 3949 1106 3984 τε
1121 3922 1198 4003 νόμον
1214 3922 1261 3984 καί
1275 3922 1337 3994 τοὺς
1355 3922 1515 4007 mposisse]
1533 3921 1603 3985 Ob·

566 4004 687 4092 jectam
705 4023 798 4091 snpra
814 4008 910 4069 finisse
928 4007 975 4069 his
990 4007 1146 4071 haereticis
1163 4021 1445 4070 veterum-tantum
1466 4009 1601 4090 scriptu-

570 4114 676 4155 rarum
699 4092 821 4181 antiqui
841 4092 971 4155 foederis
992 4093 1241 4178 corruptionem,
1257 4114 1321 4155 non
1342 4093 1419 4156 item
1438 4113 1604 4171 novarum,

564 4179 705 4241 „fortasse
726 4200 764 4241 er
789 4178 838 4240 his
860 4178 962 4241 verbis
986 4178 1204 4263 colligendum
1228 4192 1287 4242 est.
1341 4177 1439 4241 Certe
1462 4178 1507 4240 ita
1530 4194 1603 4240 sen·

572 4279 681 4326 serunt
701 4264 867 4340 Baronius,
883 4262 1001 4326 Αιινιυί.
1021 4264 1062 4326 ad
1079 4287 1130 4326 an.
1146 4279 1215 4339 207.
1235 4285 1267 4349 p.
1286 4276 1356 4346 334.
1375 4262 1427 4325 ed.
1448 4264 1605 4347 Antverp.
1656 4308 1660 4314 ·

572 4349 718 4415 Valesius
735 4348 839 4432 Epist.
856 4349 897 4411 ad
914 4349 1068 4412 Usseriam
1084 4349 1121 4412 de
1139 4349 1277 4412 Versione
1298 4357 1351 4411 τῶν
1371 4348 1396 4424 ί,
1419 4349 1459 4410 ab
1482 4370 1522 4410 eo
1544 4369 1605 4411 suo

571 4435 712 4498 Eusebio
727 4435 882 4520 subjecta,
897 4456 928 4519 p.
942 4447 1011 4510 791.
1054 4435 1298 4519 Lardnerusque
1312 4435 1364 4497 De
1376 4433 1463 4497 Hirr.
1478 4434 1605 4521 Evang.

565 4521 647 4582 Ft'de
663 4537 743 4604 part.
758 4521 789 4583 ii.
806 4519 867 4582 vol.
880 4520 922 4582 iii.
940 4519 994 4582 lib.
1010 4520 1030 4582 i.
1046 4541 1117 4605 cap.
1132 4536 1181 4583 32.
1197 4523 1228 4602 δ.
1241 4538 1270 4582 2.

618 4607 698 4668 lbid.
719 4607 740 4669 l.
760 4621 805 4669 15.
828 4606 928 4688 ἀνόμου
940 4607 996 4667 ’.καὶ
1013 4605 1100 4669 aidica
1120 4604 1317 4686 διδασκαλίας]
1340 4602 1604 4667 Subaudiendum

569 4691 700 4760 videtur.
717 4691 796 4775 issae
818 4692 866 4756 vel
889 4693 933 4754 διιὶ
953 4697 999 4767 τῆς
1019 4690 1119 4775 ἁυίμου
1140 4692 1187 4756 καί
1209 4690 1293 4756 ἀθέου
1317 4689 1510 4763 διδασκαλίας.
1556 4691 1606 4754 Ita
