4092 5675
734 761 1033 838 1011010101
1056 763 1314 837 00001001.
1475 761 1541 858 '315

511 941 567 1012 inb
580 940 653 1008 init.
667 959 741 1028 cap.
753 941 797 1006 11.
839 941 997 1006 Attamen
1017 938 1045 1003 si
1066 939 1141 1004 anni
1156 931 1399 1006 Josuae'fuerint
1412 950 1464 1020 27,
1479 961 1544 1004 non

496 1039 556 1106 -15,
569 1026 737 1092 biennium
751 1024 930 1092 deducatur
942 1037 1082 1110 oportet.
1126 1023 1255 1089 Videsis
1276 1046 1349 1112 quat
1372 1045 1468 1110 supra
1487 1045 1545 1089 an·

502 1111 614 1178 notavi
627 1110 670 1176 ad
691 1131 767 1196 pag.
782 1125 853 1189 299.
895 1110 970 1175 Jam
986 1129 1073 1186 vero,
1088 1121 1126 1172 ut
1139 1130 1206 1172 rem
1221 1108 1385 1173 absolvam
1398 1131 1408 1186 ς
1431 1130 1546 1174 nume-

507 1195 584 1262 r'atis
606 1196 698 1260 annis
717 1195 888 1260 111103563.
908 1193 951 1258 ad
970 1192 1106 1279 Josepbi
1124 1194 1262 1273 obitum,
1279 1194 1393 1258 exinde
1415 1205 1482 1258 144.
1503 1193 1546 1258 ad

497 1281 613 1346 -Mosis
633 1300 813 1366 egressum,
827 1293 898 1344 tum
911 1279 1003 1344 annis
1017 1285 1088 1355 075,
1103 1276 1144 1341 ad
1165 1279 1322 1342 Samuelis
1341 1279 1448 1356 finem,
1463 1300 1548 1365 quos

505 1359 576 1450 ipse
590 1364 725 1450 collegit
738 1377 853 1428 auctor
866 1377 977 1428 noster
991 1363 1024 1426 in
1039 1365 1074 1428 N
1075 1383 1142 1427 um.
1160 1380 1261 1427 xxrt.
1276 1377 1440 1447 postremo
1456 1363 1549 1428 anuis

505 1455 557 1515 6⁵.
571 1469 666 1536 quos,
677 1447 726 1514 vel
739 1448 861 1535 plures,
875 1467 1044 1512 numerare
1056 1445 1126 1533 jam
1142 1445 1343 1512 ostendimus
1356 1447 1548 1512 Aliioanum

500 1533 526 1598 'a
539 1533 700 1598 Samuelis
715 1532 779 1598 fine
792 1533 832 1598 ad
847 1551 949 1618 usque
963 1529 1146 1596 Salomonis
1159 1553 1279 1596 annum
1296 1544 1456 1618 quartum,
1467 1552 1548 1596 con-

507 1617 631 1684 ficietur
643 1639 684 1682 ex
698 1617 749 1682 his
764 1618 905 1682 numeris
926 1616 1023 1680 simul
1045 1615 1227 1702 conjunctis
1247 1637 1374 1681 summa
1388 1637 1548 1681 annorum

505 1715 597 1780 4447.
622 1724 642 1767 a
666 1700 797 1767 Mundo
824 1699 968 1766 Condito
988 1700 1031 1765 ad
1052 1700 1189 1766 eundem
1212 1699 1394 1764 Salomonis
1416 1722 1548 1766 annum.

500 1783 584 1872 'Ipse
604 1799 715 1852 autem
739 1800 848 1851 noster
867 1786 922 1850 ille
938 1787 1124 1864 Africanus,
1146 1785 1173 1849 si
1195 1784 1272 1848 tides
1295 1786 1441 1872 Georgio
1461 1787 1548 1873 Syn·
1614 1819 1621 1830 ι

501 1869 591 1960 cello
612 1869 762 1936 habenda
782 1887 831 1936 est
852 1871 886 1936 in
907 1869 982 1957 ῥήσει
1003 1869 1151 1956 proxime
1173 1884 1248 1954 port
1268 1890 1288 1934 a
1306 1887 1359 1934 me
1377 1870 1549 1951 afferenda,

506 1976 609 2020 annos
630 1955 809 2042 colligebat
826 1967 917 2031 4457.
932 1954 975 2020 ad
994 1975 1114 2018 annum
1137 1966 1277 2018 octavum
1295 1955 1387 2040 regni
1401 1954 1550 2020 Salomo-

507 2040 569 2119 nis,
584 2039 648 2104 hoc
663 2053 725 2119 est,
739 2061 840 2104 annos
861 2053 951 2104 4453.
972 2037 1014 2102 ad
1033 2061 1153 2104 annum
1174 2039 1319 2126 ejusdem
1340 2040 1432 2125 regni
1453 2062 1549 2126 quar·

506 2139 592 2190 tum.
629 2123 709 2190 Solo
721 2145 802 2211 ergo
816 2125 967 2188 sexennio
980 2124 1052 2188 haec
1066 2141 1193 2188 summa
1207 2123 1249 2186 ab
1262 2124 1362 2188 altera
1375 2136 1466 2200 4447.
1482 2124 1551 2189 dis·

507 2231 637 2298 crepare
661 2207 796 2274 videtur.
836 2211 946 2287 Porro,
971 2207 1072 2272 modo
1095 2208 1214 2271 iterum
1236 2207 1311 2272 illos
1336 2209 1550 2276 numeraveris

507 2299 711 2360 1100003563.
724 2292 765 2358 ab
778 2293 866 2357 Orbe
882 2292 1027 2356 Condito
1040 2290 1082 2356 ad
1093 2290 1227 2376 losephi
1242 2291 1382 2370 obitum,
1392 2305 1463 2356 turn
1479 2292 1552 2360 illos

510 2392 580 2444 144.
593 2379 636 2442 ad
650 2378 756 2442 Mosis
772 2399 951 2463 egressum,
965 2376 1082 2440 deinde
1097 2377 1157 2440 1100
1175 2397 1276 2440 annos
1291 2389 1360 2454 740,
1376 2377 1417 2440 de
1432 2379 1551 2463 quibus

508 2462 562 2528 hic
576 2463 696 2550 agitur,
711 2462 885 2548 colligetur
905 2453 1038 2548 quidem
1060 2459 1171 2524 cadem
1194 2481 1321 2524 summa
1338 2473 1428 2536 4447.
1444 2461 1500 2526 scd
1516 2485 1554 2527 re

500 2549 555 2612 aie
569 2543 605 2614 se
620 2547 771 2625 habente,
783 2546 877 2612 nobis
892 2545 1002 2610 licebit
1016 2545 1126 2630 plures
1139 2564 1241 2609 annos
1253 2561 1351 2630 quam
1367 2545 1445 2610 istos
1459 2555 1551 2623 4447.

508 2632 676 2720 colligere,
695 2633 797 2696 immo
819 2631 907 2718 ipsos
922 2643 1012 2695 4453.
1035 2631 1112 2716 quia
1132 2630 1356 2694 memoraverit
1377 2631 1552 2703 Africanus

508 2720 577 2806 orig
593 2721 633 2782 rol
651 2715 717 2799 lap‘.
733 2717 797 2780 sive
815 2738 917 2781 annos
932 2731 1028 2800 supra
1040 2728 1110 2792 740.
1126 2714 1167 2780 ab
1183 2713 1296 2806 1300110
1313 2716 1418 2779 Μο010
1432 2716 1474 2780 ad
1489 2715 1551 2782 hoc

499 2819 638 2889 tempus
653 2802 846 2889 computari.

497 2922 503 2929 ·
552 2888 660 2953 Facile
674 2908 772 2973 porro
809 2898 894 2952 otest
911 2884 995 2951 idem
1011 2884 1140 2951 ostendi
1160 2898 1200 2950 ex
1221 2899 1404 2972 temporum
1424 2909 1552 2953 summa

508 2973 566 3039 illa
586 2986 668 3051 tota,
689 2908 889 3059 singulisque
911 2971 983 3060 ejus
1009 2972 1168 3057 partibus,
1187 2992 1285 3057 quam
1307 2971 1442 3057 collegit
1461 2974 1552 3038 Afri-

496 3081 611 3125 ·canua
625 3080 646 3122 a
659 3056 789 3122 Mundo
804 3056 947 3121 Condito
961 3055 1003 3119 ad
1018 3055 1141 3120 Christi
1155 3056 1200 3122 D.
1212 3058 1258 3120 N.
1273 3058 1552 3123 resurrectionem.

508 3136 630 3229 Neque
646 3140 711 3206 hoc
732 3142 858 3219 tacebo,
874 3140 979 3205 multa
997 3160 1110 3204 eorum
1126 3162 1200 3227 quae
1215 3160 1312 3226 supra
1327 3154 1448 3207 statuta
1462 3157 1554 3221 sunt,

509 3226 630 3293 iimrari
654 3226 751 3291 veteri
776 3224 918 3311 quodam
947 3222 1144 3308 epocharum
1175 3223 1330 3287 Africano
1358 3226 1551 3291 tributarum

511 3314 673 3389 Recensu,
693 3334 792 3398 quem
812 3308 943 3396 quidem
963 3321 1042 3393 post
1062 3307 1132 3371 haec
1155 3309 1348 3393 Fragmenta
1369 3308 1410 3373 ad
1431 3331 1464 3396 p.
1483 3326 1553 3391 195.

510 3396 684 3547 mislterirlia
696 3502 749 3545 rne
764 3476 863 3565 fugit,
900 3474 1046 3542 uomodo
1062 3470 1123 3540 sibl
1141 3474 1324 3541 consentire
1338 3478 1461 3543 censeri
1476 3500 1553 3565 pos-

512 3564 555 3631 sit
570 3564 751 3665 syncellus,
765 3564 842 3629 dum
858 3500 899 3627 ai
913 3584 991 3663 pag.
1003 3574 1054 3641 79.
1071 3560 1337 3649 Citronogrophioe
1350 3564 1556 3665 suaetscribnit,

509 3645 1557 3825 1000101111100011011010

499 3838 595 3907 pore
608 3834 711 3967 00300
727 3818 768 3882 ad
784 3817 863 3883 Heli
877 3830 911 3881 01
927 3817 1112 3881 Samuelem
1128 3838 1228 3880 annos
1244 3836 1345 3903 prope
1363 3830 1430 3881 140.
1442 3839 1558 3905 perpe-

489 3968 492 3973 .
514 3928 584 3971 ram
600 3902 642 3967 ad
664 3926 734 3989 ere3
751 3902 849 3989 hujus
859 3903 945 3967 enim
961 3902 1062 3987 ipsius
1078 3898 1219 3987 Syncelli
1232 3901 1434 3987 computatio
1447 3901 1488 3966 ab
1501 3924 1559 3969 eo·

513 3990 593 4055 ‹lern
607 4004 754 4073 ternpore
767 3988 877 4052 losuae
895 3986 1131 4085 Seniorumque
1146 3984 1187 4048 ad
1200 3985 1358 4050 Samuelis
1374 3986 1470 4051 finem
1484 4008 1560 4075 per-
1651 3988 1657 4001 ’

514 4074 615 4139 ducta
628 4074 671 4136 ab
685 4070 830 4136 Africani
852 4070 992 4137 numeris
1013 4083 1119 4169 apatro
1138 4090 1297 4134 annorum
1317 4082 1444 4136 tantum
1459 4096 1558 4138 nonn-

514 4158 610 4247 gintn
626 4156 794 4243 discrepat,
809 4157 857 4222 sin
872 4176 948 4222 vero
967 4154 1006 4220 ad
1029 4149 1118 4218 mitia
1138 4152 1215 4219 Heli
1228 4156 1453 4237 numeraveris,
1468 4158 1562 4223 annis

516 4258 644 4309 santum
665 4254 717 4307 40.
742 4242 790 4307 vel
812 4241 951 4329 denique
972 4238 1014 4304 ad
1036 4236 1148 4303 eadem
1171 4236 1273 4319 initia,
1298 4240 1424 4307 incluso
1446 4243 1560 4309 losum

504 4328 939 4413 Ι800101οι000010100010,
964 4324 1055 4389 annis
1081 4338 1130 4388 5ο.
1155 4336 1212 4388 001
1232 4336 1282 4390 50.
1327 4327 1560 4409 Sedsimiliter

504 4411 680 4479 'accusavit
694 4412 895 4490 Africanum,
910 4410 972 4476 etsi
992 4408 1080 4473 haud
1102 4430 1213 4473 secum
1237 4408 1438 4490 dissentiens,
1459 4412 1561 4477 Scali-

506 4518 580 4583 ger
592 4497 626 4560 in
645 4494 872 4584 Prolegomem‘s
885 4494 927 4560 ad
943 4492 1070 4559 amelii
1087 4488 1249 4573 Chronica,
1265 4496 1323 4561 fol.
1337 4509 1369 4559 2.
1383 4504 1404 4537 “
1415 4516 1560 4565 ——an-

517 4588 542 4623 ‘⁴
557 4580 651 4660 nos,”
676 4581 792 4668 inquit,
820 4588 842 4620 “
856 4581 897 4644 ab
924 4580 1032 4644 Adam
1058 4579 1100 4661 011
1124 4599 1244 4644 annum
1272 4580 1411 4665 primum
1437 4578 1560 4646 Christi

501 4672 547 4717 ·“
561 4666 800 4754 Dionysianum
822 4667 994 4733 Africanus
1010 4676 1060 4729 tot
1074 4676 1176 4750 putat,
1192 4678 1272 4751 quot
1288 4686 1327 4729 ex
1346 4666 1453 4730 LXX.
1469 4666 1561 4737 Seni·
