4092 5675
670 773 722 839 ru
744 770 976 838 sruonuM
997 772 1359 840 auriocuuuruu.
1468 789 1535 863 507.

495 950 612 1011 vocare
625 959 861 1010 consueverant.
898 948 1004 1032 Quam
1020 945 1194 1031 nequitiam
1211 944 1397 1031 perstringit
1412 946 1531 1013 Hiero·

498 1045 617 1118 nymus
631 1032 664 1096 in
681 1031 825 1117 Epistola
839 1031 879 1094 ad
894 1032 1105 1095 Eustochium
1122 1031 1162 1094 de
1177 1032 1323 1096 custodia
1335 1032 1533 1117 virginitatis.

497 1117 612 1181 Frater
636 1139 768 1181 sororem
797 1117 948 1204 virginem
974 1118 1095 1180 deserit.
1143 1116 1277 1181 Ceiibem
1302 1118 1419 1202 spernit
1438 1118 1540 1203 'virgo'

497 1224 683 1290 germanum
696 1228 706 1267 .-
719 1202 862 1288 frotrem
879 1203 994 1289 quoerit
1009 1213 1200 1269 extraneum.
1240 1203 1287 1266 Et
1302 1226 1370 1266 cum
1385 1203 1535 1267 iraeadem

495 1289 650 1374 proposito
665 1309 728 1353 csse
741 1311 772 1352 sc
785 1288 942 1366 simulent,
956 1300 1102 1374 quaerunt
1117 1289 1286 1351 alienorum
1301 1287 1443 1373 spiritale
1455 1287 1535 1353 sola-

501 1374 591 1451 tium,
613 1384 649 1437 ut
671 1373 753 1437 domi
776 1373 907 1437 iubeant
929 1372 1053 1436 carnale
1071 1373 1293 1437 commercium.
1336 1375 1537 1439 Dicebautur

500 1460 598 1523 etiam
615 1459 867 1523 Comnraneutes
880 1458 1041 1545 ejusmodi
1055 1459 1216 1523 mulieres.
1260 1461 1312 1523 Sic
1324 1461 1408 1523 enirn
1424 1460 1535 1523 inscri-

500 1544 590 1609 bitur
612 1566 714 1608 canon
734 1545 787 1608 ille
809 1545 937 1608 concilii
960 1545 1088 1608 Nicaeni
1109 1544 1141 1608 in
1161 1545 1376 1609 vetustissimo
1398 1544 1471 1609 cod.
1494 1545 1535 1610 C.

499 1630 521 1694 J
523 1630 640 1693 ustelli.
673 1632 724 1693 De
740 1630 1013 1693 Communentibus.
1051 1631 1080 1693 A
1083 1645 1217 1716 gapetas
1231 1652 1361 1717 quoque
1375 1652 1429 1695 eas
1443 1652 1538 1695 voca·

499 1715 580 1779 bant
591 1729 672 1779 teste
685 1715 888 1801 Hieronymo
899 1716 931 1778 in
943 1715 1029 1779 dicta
1041 1715 1195 1801 Epistola,
1206 1717 1262 1780 ubi
1274 1716 1426 1801 acerrime
1437 1716 1470 1780 in
1482 1737 1537 1781 eas

499 1799 670 1865 invehitur.
682 1803 890 1865 Veniemus
914 1802 1022 1865 Verba
1034 1802 1164 1865 canonis
1179 1822 1241 1865 111.
1257 1801 1395 1866 Concilii
1408 1801 1538 1866 Nicaeni

499 1886 596 1971 primi
612 1901 707 1951 sunt:
729 1887 918 1973 Ἀσηγόςεοσε
932 1893 947 1964 ἡ
962 1887 1075 1971 μεγάλη
1088 1888 1193 1960 σύνοδος
1205 1887 1328 1966 καθέλοι,
1339 1889 1409 1969 μήτε
1423 1886 1537 1951 hirni-

499 1998 555 2055 σῳ,
571 1974 640 2052 μήτε
654 1970 847 2058 σορεσὲοτέρῳ,
863 1974 931 2053 μήτε
948 1973 1072 2057 διακόνῳ,
1086 1974 1155 2055 μήτε
1170 1971 1238 2046 ὅλοις
1256 1975 1307 2036 rui
1327 1982 1381 2037 τῶν
1404 1976 1430 2036 ἒν
1445 1974 1537 2060 κλήρῳ

501 2059 597 2135 ἐξεῖνοο
614 2058 792 2121 σονείσακτον
816 2057 899 2141 ἔχειν,
921 2063 1000 2134 πλὴν
1021 2063 1044 2120 εἰ
1063 2064 1101 2139 μὴ
1119 2056 1174 2140 ἄρα
1195 2057 1312 2143 μητέρα,
1334 2058 1349 2135 ἢ
1371 2062 1498 2136 ἀδελφὴν,
1521 2058 1538 2135 ἣ

500 2146 590 2220 θεῖον,
608 2143 624 2219 ἢ
643 2141 663 2205 οἳ
682 2143 753 2224 μόνον
775 2144 918 2229 πρόσωπα
941 2149 1045 2205 στᾶσαν
1067 2144 1185 2218 ὑποψίαν
1207 2144 1394 2227 διαπέφευγεν.
1434 2142 1539 2214 l'etuit

500 2250 618 2315 magna
635 2228 776 2314 Synodus
798 2227 928 2306 omnino,
948 2250 987 2291 ne
1007 2227 1099 2291 liceat
1117 2228 1333 2313 episcopumve
1348 2226 1538 2313 presbytero,

500 2336 557 2378 nec
572 2314 707 2393 diacono,
725 2337 779 2378 nec
791 2313 852 2376 ulii
864 2313 987 2397 penitus
1001 2335 1117 2391 eorum,
1133 2313 1271 2399 quisunt
1286 2313 1319 2377 in
1334 2313 1424 2393 clero,
1440 2314 1539 2378 intro·
1556 2332 1557 2336 ’

501 2400 626 2463 ductum
649 2400 758 2465 babere
779 2398 949 2476 mulierem,
968 2411 1182 2485 praeterquum
1200 2399 1309 2485 utique
1328 2410 1472 2478 marren,
1490 2398 1542 2463 vei

500 2507 645 2563 sororem,
660 2484 710 2549 vei
731 2485 872 2563 omitum,
897 2484 946 2549 vei
969 2508 1020 2549 eos
1043 2484 1123 2548 scias
1144 2500 1303 2569 personas,
1348 2508 1399 2550 ναν
1421 2507 1539 2549 omnem

501 2570 702 2656 suspicionem
725 2569 893 2657 effugiunt.
939 2572 977 2633 In
999 2593 1094 2656 quem
1116 2591 1273 2634 canonem
1287 2508 1359 2636 viic
1374 2594 1447 2658 quae
1462 2571 1540 2635 doc·

500 2656 624 2720 tissime
649 2659 811 2720 annotavit
838 2656 1020 2720 Gulielmus
1045 2656 1262 2741 Beveregius:
1290 2669 1327 2720 ut
1348 2669 1382 2720 et
1406 2657 1541 2721 Henrici

499 2740 666 2806 Dodwelli
695 2743 962 2806 Dissertationem
985 2742 1029 2805 iii.
1056 2742 1088 2805 in
1109 2742 1148 2804 iv.
1179 2740 1333 2840 Cypriani
1359 2741 1541 2828 Epistulam

504 2828 637 2908 (Pamel.
650 2827 729 2909 lxii.)
745 2827 797 2892 cui
812 2828 924 2892 titulus
930 2852 940 2906 ;
957 2827 1008 2891 De
1013 2826 1145 2915 flagitio
1161 2828 1326 2893 molismum
1340 2851 1409 2893 enm
1420 2825 1540 2892 clericis

501 2913 775 2992 concumbentium,
789 2936 885 3000 cuque
900 2914 1053 2978 occasione
1067 2915 1105 2977 de
1118 2915 1314 2990 σονεισάκτονς.
1343 2917 1539 2979 Runnlno.

499 3002 539 3063 At
561 3000 735 3063 σονείσακτοι
757 3000 905 3064 mulieres
924 3011 1023 3078 erant,
1040 3021 1142 3085 neque
1158 3023 1283 3077 uxores,
1299 3023 1404 3087 neque
1418 3022 1540 3065 concu-

500 3086 597 3163 binae,
612 3086 668 3149 sed
689 3084 767 3149 tales
786 3086 868 3148 inter
889 3109 968 3171 quas
984 3099 1017 3149 et
1031 3086 1145 3164 virum,
1161 3086 1336 3150 Christiani
1354 3109 1412 3150 seu
1432 3087 1540 3150 Plato·

501 3172 563 3235 nici
577 3171 695 3235 amoris
708 3170 871 3255 quoddam
887 3170 1047 3234 vinculum
1068 3170 1296 3234 intercedebat.
1340 3171 1471 3256 Optime
1485 3191 1540 3235 eas

501 3256 654 3322 describit
669 3256 945 3342 Chrysostomus:
974 3256 1041 3317 sirii
1055 3254 1113 3340 γάρ
1128 3280 1206 3333 τινες,
1222 3259 1246 3317 oi
1259 3255 1354 3336 γάμου
1370 3257 1391 3340 οὲ
1406 3256 1540 3328 συννοίας

498 3344 589 3428 χωρὶς
603 3342 685 3428 κόροις
700 3342 901 3428 ἀπεοςογοὶμοος
915 3340 1056 3426 ἀγόμενοι,
1071 3339 1231 3420 καθίζουσιν
1245 3339 1312 3402 οἴκοι
1327 3341 1371 3401 irai
1384 3342 1504 3419 arauris,
1517 3342 1556 3426 b.

501 3432 536 3502 εἰς
551 3427 655 3512 ἔχοιτον
668 3433 755 3512 γῆρας
767 3430 870 3500 ἑαυτοῖς
883 3424 1156 3510 σογκοοτοικλεῖεσιν,
1170 3422 1218 3488 ri'rs
1232 3426 1274 3487 ini
1285 3425 1440 3510 rutdonoiqt‚
1453 3428 1469 3487 ἐ
1481 3431 1539 3512 γοὶρ

501 3515 584 3595 φασὶν
599 3517 696 3586 αὐτοῖς
716 3512 904 3596 σογγένεθον·
932 3509 991 3574 οὔτε
1006 3515 1037 3588 ἐξ
1052 3510 1220 3587 ἀκολασίας,
1237 3508 1270 3573 λε’
1293 3534 1367 3573 ονσον
1381 3514 1438 3596 γοὶμ
1452 3515 1540 3585 αὐτὰς

500 3599 644 3682 ἀκεραίους
667 3601 809 3685 διατηρεῖν.
859 3599 966 3684 Quem
990 3596 1098 3661 locum
1121 3597 1223 3660 Beato
1246 3536 1400 3661 Rbeuauo
1423 3596 1538 3659 debeo.

501 3685 589 3749 Huic
610 3682 694 3746 addo
718 3705 823 3747 versus
845 3681 1015 3747 nonnullos
1030 3681 1182 3768 Gregorii
1201 3682 1359 3748 Nazianz.
1381 3704 1400 3744 a
1423 3683 1540 3768 Lange

499 3769 541 3834 ad
556 3769 779 3854 Nicephorum
796 3769 963 3853 allegatos.

628 3859 692 3933 Ζοοὴ
707 3853 754 3930 καὶ
767 3854 885 3928 θάνατος
898 3855 969 3917 οὐδὲν
985 3852 1082 3938 ἔχουσι
1097 3852 1193 3936 μέσον,

627 3942 698 4014 Τοὺς
713 3943 739 4003 δὲ
754 3940 956 4016 consociamur,
971 3941 1006 4013 ὠς
1019 3941 1048 4016 δὴ
1063 3940 1203 4022 φάσκεσον
1216 3936 1345 4016 ἅπαντες,

629 4030 693 4088 Οὐκ
706 4027 752 4089 οἶδ’
768 4024 821 4088 εἴτε
835 4026 922 4110 γάμῳ
937 4025 1068 4105 δώσομεν,
1083 4028 1130 4086 sir’
1145 4025 1274 4109 ἀγάμους

630 4112 772 4192 Θὴσομεν,
788 4109 841 4175 sire
855 4112 940 4192 μέσον
952 4136 980 4173 τι
995 4111 1162 4192 φυλάξομεν.

502 4196 600 4262 Unde
615 4210 705 4282 patet
719 4196 802 4259 viros
818 4217 946 4283 quoque
968 4207 1116 4280 respectu
1135 4193 1339 4259 foeminarum
1362 4195 1540 4280 appellatos

500 4283 599 4347 fuisse
611 4280 802 4354 σονεοσᾶκτος.
819 4282 988 4345 Srnoru.
1014 4279 1206 4344 Dodwellus
1219 4279 1348 4366 quidem
1361 4280 1393 4344 in
1405 4283 1541 4347 Dissert.
1626 4307 1630 4311 ·

501 4389 522 4430 a
544 4367 723 4452 Readingio
740 4379 1004 4444 commemorata,
1022 4365 1112 4429 nullo
1133 4364 1275 4429 adducto
1296 4367 1450 4450 scriptore
1471 4366 1540 4454 Cy·

501 4454 604 4538 priani
619 4453 819 4537 temporibus
832 4452 1015 4528 vetustiore,
1025 4451 1081 4536 qui
1093 4451 1226 4515 istarum
1238 4451 1413 4514 σονεοσάκῖοο
1425 4452 1542 4516 merni-

502 4538 611 4616 uisset,
627 4538 659 4601 in
675 4560 713 4602 ea
728 4538 879 4622 opinione
894 4550 954 4615 est,
970 4535 1201 4600 numerandum
1221 4557 1289 4601 esse
1307 4535 1371 4599 hoc
1385 4535 1541 4601 delictum

500 4623 584 4688 inter
608 4623 694 4709 pacis
717 4623 802 4687 illius
827 4620 935 4707 lougae
961 4621 1057 4699 mala,
1080 4643 1216 4708 quorum
1242 4621 1363 4684 mentio
1386 4621 1472 4687 facta
1493 4637 1542 4687 est

500 4709 589 4795 apud
616 4707 837 4797 Cyprianum3
871 4708 980 4794 accipe
1006 4729 1080 4772 vero
1109 4707 1166 4771 diu
1192 4719 1266 4772 ante
1295 4707 1542 4792 exprobrantem
