4092 5675
505 769 547 854 9⁶
840 766 1199 836 xnuornrrouus

506 934 782 1086 lantgcprolrilitos.
823 937 918 1003 Verba
933 940 999 1025 ejus
1013 940 1080 1004 ltoec
1093 951 1175 1005 sunt.
1211 941 1283 1005 Nec
1305 940 1385 1008 mihi
1401 940 1472 1032 jam
1488 944 1539 1012 di·

504 1035 557 1088 cat
603 1044 632 1086 c.

514 1167 521 1176 .
550 1110 584 1172 P.
601 1121 650 1186 79.
668 1109 690 1172 l.
707 1123 735 1172 8.
760 1112 786 1172 ἐν
810 1114 849 1195 τῷ
871 1113 947 1196 αὐτῷ
971 1111 1048 1197 λόγῳ
1070 1118 1110 1196 τῷ
1135 1117 1211 1176 κατὰ
1232 1112 1355 1200 'As-ipses
1378 1109 1536 1201 Οὐρὲανὸν]

504 1195 588 1260 Haeo
608 1194 703 1258 verba
722 1195 867 1259 scholion
888 1218 956 1260 esse
977 1197 1057 1260 mihi
1077 1196 1232 1278 videntur,
1248 1199 1334 1286 quod
1354 1212 1442 1264 retus
1464 1201 1537 1288 qui·

504 1280 579 1346 dam
593 1278 797 1359 Scholiastes‚
813 1302 869 1345 seu
889 1282 1046 1346 Eusebius
1059 1282 1069 1345 i
1094 1304 1137 1361 se,
1153 1282 1193 1347 ad
1208 1283 1385 1370 marginem
1398 1284 1473 1349 libri
1488 1285 1539 1350 sui

503 1379 708 1432 annotaverat
719 1366 759 1430 ad
770 1389 808 1429 ea
819 1368 913 1431 verba
924 1390 996 1454 quae
1008 1304 1105 1453 paulo
1116 1382 1189 1432 ante
1204 1383 1445 1455 praecesserunt,
1456 1370 1538 1446 αὖθις

504 1453 532 1517 δὲ
547 1455 574 1515 ἐν
588 1456 629 1535 τῷ
643 1455 717 1537 αὐτῷ
731 1452 795 1533 φησὶ
809 1452 898 1539 λόγῳ.
942 1455 1041 1517 Porro
1053 1475 1093 1518 ex
1107 1453 1157 1517 his
1172 1454 1274 1519 verbis
1288 1453 1424 1534 elicitur,
1437 1457 1537 1521 Aste-

502 1536 587 1604 rium
603 1538 772 1601 Urbanum
787 1556 952 1602 auctorem
967 1561 1037 1602 esse
1054 1539 1168 1604 horum
1189 1540 1287 1604 trium
1308 1539 1464 1605 librorum
1480 1541 1539 1606 ad·

502 1645 609 1688 versus
629 1622 865 1710 Cataphrygas,
880 1646 944 1687 non
962 1637 1070 1688 autem
1091 1625 1323 1710 Apollinarem,
1343 1638 1381 1689 ut
1399 1625 1539 1692 credidit

502 1709 636 1774 Rufinus
661 1721 695 1772 et
720 1707 1043 1794 Christophorsonus.
1064 1711 1271 1775 quesrus.
1314 1711 1423 1776 Verba
1446 1715 1474 1774 ἐν
1497 1717 1538 1798 τῷ

503 1798 579 1879 αὐτῷ
599 1794 678 1880 λόγῳ
696 1800 737 1878 τῷ
754 1799 830 1857 κατὰ
850 1793 974 1881 Ἀςέςινν
994 1793 1135 1882 Οὐρὸανόν
1152 1796 1300 1861 Valesius
1314 1796 1459 1863 scholion
1473 1811 1538 1864 -aut

502 1880 602 1965 ipsius
619 1879 760 1957 Eusebii,
776 1893 832 1944 aut
848 1881 966 1944 librarii
982 1881 1058 1945 satis
1073 1880 1196 1970 antiqui
1208 1903 1277 1946 esse
1291 1894 1394 1968 putat,
1408 1904 1446 1947 ac
1461 1882 1537 1948 inde

502 1964 578 2030 huic
593 1964 722 2029 Asterio
743 1965 877 2030 Urbano
898 1965 1011 2030 tribuit
1028 1967 1210 2051 fragmenta
1228 1967 1318 2031 haec:
1338 1967 1427 2054 quod
1440 1967 1537 2034 'idem

502 2050 600 2116 etiam
613 2050 838 2115 Tillemontius
853 2051 940 2115 fecit.
978 2052 1025 2115 At
1045 2074 1104 2115 nos
1124 2051 1255 2138 quidem
1272 2052 1341 2139 jam
1361 2052 1403 2117 ad
1417 2053 1537 2120 versio-

502 2158 576 2202 nem
591 2135 792 2202 vernaculam
810 2140 841 2218 (a
852 2135 997 2201 Strothio
1012 2136 1082 2223 ipso
1096 2138 1226 2220 factam)
1242 2138 1430 2218 notavimus,
1440 2141 1538 2206 verba

502 2228 529 2287 ἐν
540 2229 580 2309 τῷ
590 2226 665 2307 αὐτῷ
677 2249 705 2285 κ.
714 2249 743 2286 τ.
754 2236 783 2285 λ.
797 2221 890 2308 plane
901 2245 965 2287 non
1000 2245 1037 2286 ro
1048 2223 1178 2287 Eusebii
1190 2224 1325 2309 propriis
1335 2246 1404 2288 esse
1416 2225 1536 2291 haben-

502 2307 555 2388 da,
570 2308 627 2374 sed
639 2307 747 2394 potius
761 2308 885 2373 auctori
899 2308 952 2375 isti
1000 2330 1154 2396 nonymo‚
1166 2308 1258 2396 cujus
1273 2310 1454 2396 fragmenta
1466 2313 1536 2377 Eu·

502 2395 609 2462 sebius
622 2396 728 2473 refert,
739 2393 918 2459 tribuenda.
952 2394 1117 2459 Retulerat
1128 2415 1243 2479 nempe
1255 2395 1307 2459 hic
1318 2408 1432 2460 auctor
1441 2409 1542 2462 antea·

501 2481 649 2567 quaedam
672 2502 711 2544 ex
733 2480 816 2545 libro
835 2481 976 2566 quodam
993 2480 1113 2543 Asterii
1134 2480 1268 2559 Urbani,
1287 2481 1355 2566 (qui
1375 2481 1483 2546 forsan
1503 2496 1538 2548 et

501 2566 570 2652 ipse
594 2565 795 2629 Montanista
819 2566 893 2645 fuit)
920 2588 993 2650 quae
1018 2565 1176 2629 Eusebius
1198 2586 1365 2651 excerpere
1387 2566 1474 2645 iude,
1498 2589 1536 2633 ae

502 2652 669 2716 nobiseum
685 2651 933 2725 communicare,
947 2671 1075 2713 necesse
1090 2672 1154 2713 non
1168 2650 1301 2735 putavit.
1346 2652 1446 2716 Nunc
1460 2674 1534 2738 per·

502 2735 553 2822 git
567 2734 649 2798 idem
666 2734 720 2799 ille
733 2736 944 2821 Anonymus:
960 2758 998 2798 ue
1013 2734 1108 2812 dicat,
1120 2735 1373 2822 quemadmodum
1388 2736 1420 2801 iu
1431 2738 1536 2802 eodem

501 2819 621 2889 Asteria·
646 2818 762 2885 Urbani
783 2818 871 2899 libro,
892 2824 944 2904 (eac
966 2843 1027 2906 quo
1047 2820 1164 2885 scilicet
1177 2822 1251 2911 jam
1273 2838 1367 2908 supra
1388 2822 1536 2910 quoedam

501 2907 675 2987 retulimus)
702 2905 831 2992 spiritus
856 2907 916 2970 &c
960 2908 1055 2970 Hanc
1076 2907 1193 2970 homin
1216 2908 1384 2971 verborum
1407 2910 1536 2975 sentenss

499 2993 578 3058 tiam
597 3015 662 3078 quo
688 3014 727 3056 ue
741 2991 896 3071 viderunt,
913 2991 1232 3079 Christophersonus,
1247 2992 1449 3074 Dodwellus,
1472 2996 1536 3061 Fa·

499 3078 617 3144 bricius
639 3014 722 3141 Bibl.
739 3078 796 3141 Gr.
813 3077 874 3141 rol.
886 3101 914 3141 v.
932 3100 965 3163 p.
981 3093 1048 3156 190.
1062 3100 1099 3141 ac
1114 3079 1146 3141 S.
1159 3079 1201 3142 V.
1213 3078 1384 3143 Walchius
1402 3079 1436 3143 in
1454 3081 1535 3145 His·

500 3177 563 3231 tor.
585 3166 675 3228 Haer.
697 3177 777 3228 tom.
795 3165 821 3227 l.
842 3185 874 3250 p.
891 3170 959 3228 658.
1004 3163 1057 3226 Sic
1084 3163 1167 3227 enim
1195 3165 1353 3229 Eusebius
1376 3164 1536 3231 adducere

501 3272 586 3337 saepe
607 3250 689 3315 solet
710 3249 846 3314 aliorum
868 3251 974 3328 verba,
991 3261 1028 3313 ut
1050 3250 1179 3314 omittat
1200 3270 1239 3313 ex
1259 3249 1534 3332 antecedentibus,

524 3361 573 3402 uae
584 3336 624 3401 ad
636 3334 843 3422 intelligenda
853 3335 993 3399 adducta
1002 3336 1069 3399 fere
1081 3335 1256 3399 necessaria
1267 3347 1351 3399 sunt.
1362 3336 1533 3403 Sxaoru.

500 3361 599 3489 {otro
615 3422 695 3487 dixit
708 3421 870 3485 Strothius
884 3422 924 3485 ad
940 3421 1038 3485 alium
1053 3421 1183 3485 Eusebii
1196 3421 1305 3485 locum
1319 3419 1376 3485 lib.
1390 3445 1418 3484 v.
1439 3444 1469 3486 c.
1486 3436 1533 3486 18·

501 3510 565 3574 sive
580 3530 675 3593 supra
694 3505 735 3569 ad
754 3528 830 3592 pag.
844 3522 892 3584 59.
914 3508 970 3570 ubi
992 3506 1214 3569 Aaouuouu
1240 3507 1327 3592 ῥήσεις
1348 3506 1534 3586 afferuntur,

500 3594 546 3673 >tui
559 3593 652 3656 πάλιν
666 3593 744 3673 φησὶν
763 3591 980 3677 (Apollonius)
998 3593 1033 3665 ὥς
1048 3589 1105 3678 ἄρα
1120 3591 1252 3670 Ζνντνκός,
1266 3591 1295 3654 οὗ
1310 3592 1357 3654 καὶ
1372 3597 1386 3654 ὁ
1399 3592 1535 3680 πρότερος

500 3678 679 3765 συγγραφεὺς
693 3677 895 3758 ἐμνημόνευσεν,
910 3679 936 3736 ἐν
950 3675 1086 3758 Πεπόζνις
1100 3676 1277 3762 προφητεύειν
1294 3677 1349 3754 ἤδη
1360 3701 1533 3761 προσποιου-

499 3763 580 3849 μένης
593 3769 640 3839 τῆς
654 3761 839 3843 Μαξιμίλλης
853 3764 958 3838 turreis,
972 3761 1110 3844 διελέγξαι]
1124 3764 1157 3824 ri
1171 3766 1280 3848 ἔνεργέν
1295 3764 1321 3826 ἓν
1334 3766 1403 3848 αὐτῇ
1417 3770 1535 3846 πνεῦμα

499 3848 678 3936 πεπείρατοη,
692 3846 782 3926 dixit,
795 3847 936 3932 inquam,
951 3846 1124 3924 Strothius,
1138 3847 1233 3911 etiarn
1254 3870 1294 3910 ex
1312 3847 1372 3910 hac
1391 3848 1533 3933 appella·

499 3935 599 4013 tione,
615 3939 627 3996 ὁ
643 3932 776 4020 πρότερος
791 3933 970 4020 συγγραφεὺς
984 3932 1098 3996 confici
1111 3955 1217 4018 posse,
1230 3933 1405 3997 Eusebium
1426 3934 1533 4018 ipsum

499 4020 569 4107 ejus
586 4041 703 4082 nomen
722 4017 897 4104 ignorasse,
911 4031 1007 4103 atque
1020 4016 1101 4081 adeo
1116 4040 1189 4082 eum
1206 4041 1270 4082 non
1285 4039 1354 4081 esse
1368 4018 1533 4083 Asterium

500 4105 683 4171 Urbanum.
723 4102 837 4167 Itidem
853 4103 894 4166 el.
909 4103 1031 4167 Keilius
1046 4101 1086 4166 ad
1101 4104 1152 4167 ed.
1168 4124 1320 4189 nuperam
1338 4101 1534 4167 Fabricianoe

500 4188 703 4257 Bibliothecae
729 4190 786 4253 Gr.
813 4189 876 4251 vol.
899 4189 950 4252 vii.
979 4210 1012 4274 p.
1038 4194 1104 4251 161.
1133 4190 1179 4254 ita
1206 4200 1444 4252 commentatus
1472 4202 1533 4255 est.

500 4283 522 4317 “
538 4277 621 4339 Haee
636 4275 739 4351 verba,
755 4289 792 4338 ut
809 4275 890 4338 bene
907 4273 977 4361 jam
997 4273 1075 4337 vidit
1094 4274 1198 4338 Gottl.
1212 4273 1466 4354 Wernsdorfius,
1482 4276 1535 4340 De

499 4368 523 4403 “
538 4359 755 4437 Montanium,
772 4361 837 4424 See.
850 4359 883 4422 ii.
897 4358 989 4444 vulgo
1005 4357 1129 4423 creditis
1142 4359 1321 4436 HaereticiS,
1334 4381 1366 4444 p.
1378 4373 1408 4423 4.
1421 4374 1488 4423 not.
1503 4374 1532 4426 8.

498 4455 521 4487 “
536 4445 622 4510 haud
638 4444 773 4509 obscure
787 4444 930 4509 videntur
946 4445 1115 4523 declarare,
1132 4446 1228 4509 istum
1244 4444 1407 4508 Asterium
1425 4445 1534 4509 Urba-

499 4540 522 4573 “
536 4555 611 4595 num
635 4531 739 4616 ipsum
757 4530 853 4593 fuisse
875 4530 1118 4607 Montanium,
1133 4531 1229 4616 inque
1244 4542 1337 4593 scetae
1352 4553 1417 4593 suae
1431 4530 1533 4615 grati-

498 4624 521 4673 «ἐ
536 4639 588 4680 am
604 4616 801 4701 Apologiam
816 4615 988 4700 scripsisse.
1033 4615 1175 4679 Omnino
1197 4616 1294 4694 enim,
1313 4615 1442 4701 quinam
1462 4617 1533 4679 fue-

498 4702 577 4771 “rit
597 4701 657 4767 iste
677 4701 836 4779 Asterius,
850 4700 882 4764 in
906 4700 1022 4766 ultimo
1044 4713 1188 4783 veterum¹
1208 4701 1248 4766 de
1270 4722 1309 4766 eo
1332 4700 1456 4766 silentio
1474 4722 1544 4765 nos.
