4092 5675
735 756 789 822 IN
809 753 1035 820 AFRICANI
1059 752 1316 821 CHRONICA.
1483 770 1548 843 359

503 926 563 996 nod
584 937 700 1015 postea
719 948 740 992 a
762 925 937 1013 Ducangio
958 925 990 990 in
1012 926 1200 992 Praefatione
1216 925 1255 990 ad
1273 924 1384 990 Cltroa.
1399 924 1546 993 Pascliol.

497 1013 692 1190 jHuiyypolyto
714 1012 813 1077 fuisse
836 1011 1042 1077 vindicatum.
1086 1012 1142 1076 Ab
1160 1011 1315 1078 Africano
1337 1010 1466 1111 quidem
1488 1012 1547 1076 ab·

573 1098 716 1168 candum
735 1098 817 1164 illud
838 1120 908 1164 esse
925 1097 1024 1163 cuivis
1042 1097 1204 1163 constabit
1217 1120 1257 1163 ex
1270 1097 1417 1184 plurimis
1431 1119 1547 1162 nume·

501 1186 548 1252 ris
572 1205 733 1251 annorum
758 1205 814 1270 per
836 1196 943 1249 toturn
967 1201 1050 1270 opus
1077 1183 1233 1262 collectis,
1255 1182 1311 1269 qui
1334 1182 1376 1247 ab
1400 1182 1547 1248 Africani

500 1271 682 1339 rationibus
697 1284 768 1335 toto
781 1269 865 1335 coelo
881 1270 1072 1355 discrepant.
1095 1268 1258 1334 Fabricius
1269 1268 1461 1355 opusculum
1477 1270 1547 1333 edi·

499 1356 587 1424 tioni
598 1379 666 1422 suae
677 1357 711 1424 S.
721 1354 890 1442 Hippolyti
904 1354 1034 1420 addidit¹
1042 1355 1082 1420 ad
1094 1377 1127 1441 p.
1136 1369 1187 1433 49.
1203 1354 1265 1418 hoc
1279 1354 1385 1418 indice
1397 1355 1526 1453 praefixo
1534 1379 1544 1433 3

500 1450 526 1485 “
541 1441 730 1509 Chronicon
743 1441 923 1528 Anonymi,
939 1442 1028 1531 quod
1041 1442 1082 1506 ad
1098 1443 1131 1505 S.
1147 1441 1365 1527 Hippolytum
1381 1440 1437 1504 vrri
1456 1440 1546 1507 docti

498 1536 525 1571 “
540 1528 696 1607 referunt,
705 1540 792 1592 certe
807 1530 961 1613 scriptum
976 1526 1032 1590 illa
1047 1539 1154 1606 aetate,
1169 1540 1265 1613 atque
1279 1540 1353 1590 ante
1368 1525 1478 1590 Caroli
1492 1528 1545 1590 M.

499 1622 525 1657 “
539 1627 607 1681 tem
654 1635 689 1679 ra
702 1611 801 1677 latine
815 1612 1011 1677 redditum.''
1057 1612 1245 1678 Gallandius
1262 1612 1384 1676 interea
1402 1612 1434 1674 in
1452 1623 1544 1676 tomo

497 1700 549 1768 iii.
564 1699 608 1766 Bi
627 1695 770 1764 liitlecae
789 1722 856 1763 suae
870 1701 937 1763 ΡΡ.
954 1698 1040 1762 idem
1062 1696 1245 1785 ponendum
1269 1697 1400 1775 curavit,
1417 1710 1546 1761 senten·

498 1786 558 1852 tice
573 1807 648 1850 vero
661 1783 795 1849 accessit
810 1785 861 1849 Fr.
873 1784 1041 1850 Blatichini
1055 1784 1087 1848 in
1101 1784 1338 1849 Dissertatione
1351 1784 1434 1861 c'us,
1445 1805 1545 1870 quam

501 1870 668 1938 Fabricius
690 1870 798 1938 denuo
819 1869 919 1958 edidit
935 1871 987 1934 Da
1011 1871 1133 1934 Conone
1152 1868 1301 1935 Posclroli
1315 1869 1350 1934 S.
1400 1867 1549 1956 ippolyti,

498 1956 560 2024 ubi
573 1956 616 2024 ab
630 1956 695 2022 hoc
713 1970 825 2021 sancto
843 1969 934 2041 patre
953 1955 1034 2020 illud
1054 1955 1304 2042 abjudicandum
1321 1968 1441 2034 censet,
1455 1953 1544 2042 quod

499 2042 631 2110 numeri
649 2042 682 2107 in
701 2064 741 2107 eo
757 2041 939 2128 complures
960 2063 980 2105 a
997 2064 1120 2106 canone
1140 2063 1321 2106 marmoreo
1339 2041 1546 2128 Hippolyten

499 2127 630 2196 differre
642 2140 825 2193 noscantur.
848 2129 1014 2206 Attamen,
1024 2149 1100 2192 cum
1114 2127 1147 2190 in
1160 2128 1312 2213 operibus
1324 2127 1359 2190 S.
1369 2126 1545 2217 Hippolyti

499 2237 523 2282 a
534 2214 683 2280 Fabricio
697 2212 890 2300 opusculum
902 2214 1081 2299 repositum
1098 2212 1151 2291 sit,
1163 2213 1221 2290 ibi,
1231 2225 1268 2275 ut
1281 2212 1314 2275 in
1329 2211 1398 2275 aliis
1412 2231 1548 2298 quoque·

497 2299 594 2380 locis,
608 2300 718 2385 ipsum
731 2321 751 2364 a
765 2299 916 2364 studiosis
931 2298 1038 2364 adhuc
1053 2298 1262 2385 quaerendum
1280 2319 1349 2362 esse
1368 2295 1522 2361 constitui
1530 2320 1544 2377 ;

498 2385 564 2452 etsi
579 2384 735 2473 'sylloges
761 2405 844 2449 meae
866 2399 1037 2451 auctorum
1058 2384 1357 2462 Antenicaenorum,
1380 2382 1436 2468 qui
1460 2379 1544 2447 nun·

500 2477 603 2562 quam
617 2492 762 2537 seorsum
776 2470 855 2536 editi
873 2483 960 2550 sunt,
974 2493 1049 2557 pars
1067 2492 1137 2535 esse
1156 2470 1326 2557 potuisset.
1369 2469 1453 2556 Quae
1468 2490 1544 2535 vero

499 2557 650 2646 nequitur
670 2556 825 2646 Synopsis
846 2578 886 2622 ex
906 2558 987 2622 serie
1007 2557 1262 2642 fragmentorum
1278 2547 1429 2621 ‘Africani
1449 2576 1469 2618 a
1489 2577 1543 2620 me

499 2639 674 2729 desumpta
701 2644 728 2709 si
742 2665 865 2710 errores
880 2643 961 2732 ejus,
976 2666 1113 2731 quorum
1129 2642 1254 2706 veniam
1270 2652 1356 2728 peto,
1368 2640 1543 2727 exceperis,

498 2741 648 2796 veterum
694 2729 920 2798 hristianorum
935 2728 1184 2815 chronologiam
1199 2726 1465 2818 investigantibus
1478 2726 1543 2794 uti-

497 2815 543 2893 lia
556 2814 627 2887 tore
645 2814 797 2885 videatur.
