4092 5675
718 759 789 830 ‘IN
810 761 1032 829 armentu
1056 762 1312 832 CHRONICA.
1480 785 1543 856 333

506 958 588 1004 num
602 947 714 1037 autem
729 934 818 1023 quod
831 934 946 1000 attinet
959 933 1235 1035 Olympiadicum,
1248 935 1304 1023 qui
1319 933 1371 1001 hic
1385 955 1545 1002 memora·

505 1021 1544 1194 initiata..?ti⁰t.1¹.¹3.t.¹‘t⁰..‡tt¹’t..t‘atti

505 1215 644 1344 annussi
660 1204 699 1280 ut
716 1192 807 1342 inibi
816 1191 921 1342 vgdere
943 1205 993 1342 ei}
1010 1192 1176 1342 prmum.
1196 1214 1230 1257 r..
1248 1206 1286 1292 et
1305 1213 1354 1257 ιι.
1375 1192 1545 1344 convenii}

505 1301 585 1344 eum
725 1324 733 1341 .
809 1299 1011 1343 ..censes
1102 1297 1210 1343 rcanus
1235 1300 1288 1342 cur
1311 1299 1434 1344 ueassr
1461 1299 1529 1344 nau

497 1363 635 1430 -Cbristi
686 1299 752 1429 .PN.
768 1363 1044 1443 resurrectionem,
1059 1365 1085 1429 is
1106 1299 1333 1450 deprebendit,
1353 1385 1430 1429 mun
1456 1364 1463 1377 '
1488 1385 1547 1428 an-

507 1471 570 1516 nos
582 1461 674 1526 6472.
685 1448 757 1537 jam
770 1448 951 1535 completos
965 1450 1063 1513 fuisse
1076 1471 1135 1536 pro
1147 1449 1289 1513 Africani
1301 1449 1432 1536 quidem
1447 1450 1546 1513 ratio-

506 1533 765 1623 nibuaad017m
792 1547 922 1612 .187.4.
953 1536 1037 1599 Mox
1050 1533 1132 1633 ἤχθη,
1143 1534 1231 1622 quod
1244 1535 1352 1621 recepi
1364 1555 1425 1621 pro
1438 1535 1545 1622 ἦςχὴ,
1680 1553 1683 1558 ·

506 1620 665 1707 Scaligeri
679 1555 794 1684 Burei.
808 1633 842 1685 et
858 1619 952 1684 Codri.
966 1619 1166 1686 Porisrenses.

550 1707 586 1771 P.
602 1719 669 1773 182.
683 1706 708 1771 l.
720 1720 751 1769 2.
772 1709 828 1794 τὴν,
838 1704 973 1770 rainatas
996 1704 1239 1856 ariarvsssepide
1254 1704 1399 1791 Scaliger
1411 1705 1494 1769 Not.
1510 1702 1544 1768 in

505 1791 691 1857 Eusebiana
704 1812 781 1890 pag.
794 1805 864 1869 259.
899 1792 1003 1878 Quare
1019 1792 1079 1855 Cat
1136 1789 1224 1856 'uve
1244 1789 1413 1855 Samaritoe
1431 1786 1544 1854 Γαὸἰνοι

505 1887 663 1955 vocentur,
677 1877 777 1941 dicem
785 1873 930 1963 furasse
950 1890 1080 1961 possem,
1093 1876 1155 1942 nisi
1176 1886 1335 1961 corruptas
1354 1885 1432 1940 esset
1450 1874 1544 1939 locas.

495 1961 604 2028 Nihil
626 1961 680 2027 hic
693 1983 714 2027 a
726 1963 933 2048 corruptione
954 1963 1118 2049 Scaligero
1133 1959 1333 2027 timendum:
1356 1962 1421 2026 inte
1466 1972 1545 2026 rest

504 2047 654 2113 Africani
667 2048 770 2126 locus,
785 2046 897 2111 iisdem
911 2047 1045 2112 omnino
1059 2048 1160 2113 verbis
1175 2049 1277 2113 tribus
1291 2047 1324 2110 in
1339 2048 1419 2111 MM
1446 2047 1480 2111 S.
1495 2045 1546 2111 di·

496 2157 500 2162 ·
566 2146 631 2198 tus.
676 2133 874 2212 Subindicat,
890 2132 978 2220 quod
993 2133 1048 2197 ille
1061 2147 1186 2198 veretur
1198 2153 1368 2217 exponere,
1383 2131 1461 2196 Jose
1483 2130 1546 2197 hus

456 2269 459 2276 .
530 2219 565 2284 b.
576 2218 638 2283 xiv.
654 2219 732 2283 Ant.
746 2239 785 2283 ca
811 2232 881 2283 .10.
903 2240 922 2282 a
943 2218 1085 2283 Gabinio
1102 2217 1204 2306 Syriae
1224 2216 1428 2295 Proconsule,
1474 2228 1545 2281 tero

501 2305 660 2370 Samariae
677 2316 751 2368 ante
803 2302 931 2368 erodem
946 2317 1127 2389 reparatore
1143 2303 1189 2367 sic
1203 2314 1430 2388 nuncupatam.
1475 2301 1544 2365 Ga-

505 2389 626 2469 binius,
640 2389 756 2476 inquit,
769 2389 917 2454 Judaeam
932 2389 1146 2474 perlustrabat
1153 2413 1164 2468 3
1185 2402 1219 2452 et
1233 2400 1395 2474 quotquot
1408 2386 1547 2451 invenie·

504 2476 564 2540 bat
576 2475 674 2540 urbes
688 2474 819 2553 dirutas,
836 2474 986 2538 aedificari
996 2475 1155 2561 jubebat:
1177 2487 1274 2559 atque
1293 2472 1357 2537 boc
1377 2484 1474 2558 pacto
1496 2470 1546 2536 in·

506 2572 659 2626 stauratae
685 2574 760 2624 sunt
789 2559 943 2639 Samaria,
967 2559 1106 2640 Azotus,
1135 2558 1354 2647 Scythopolis,
1380 2556 1545 2637 Antedon,

507 2645 644 2733 Raphia,
663 2646 765 2725 Dora,
780 2644 929 2724 Marissa,
943 2659 977 2710 et
997 2645 1068 2710 alise
1088 2667 1153 2708 non
1175 2663 1308 2731 paucae:
1337 2643 1435 2730 idque
1456 2665 1546 2707 man·

507 2731 606 2796 dante
620 2731 774 2810 Gabinio,
788 2752 926 2817 quorum
948 2731 1083 2817 posthac
1099 2730 1257 2795 habitatio
1271 2741 1342 2796 tuta
1355 2729 1545 2830 permansit,

507 2838 583 2883 cum
598 2829 674 2883 ante
688 2816 790 2903 longo
803 2828 950 2903 tempore
964 2815 1097 2882 desertae
1112 2816 1270 2882 fuissent:
1299 2828 1336 2881 ut
1354 2828 1462 2903 itaque
1476 2814 1546 2880 sine
1641 2868 1646 2884 .

507 2903 630 2969 civibus
641 2916 674 2968 et
689 2902 831 2967 adificiis
845 2904 922 2967 urbs
936 2904 1090 2984 Samaria,
1103 2903 1150 2968 ita
1164 2903 1232 2968 sine
1244 2903 1375 2968 nomine
1383 2901 1490 2990 jacuit
1502 2900 1546 2967 sd

507 2988 646 3074 primam
658 2989 942 3074 usqueaGsbinio
952 3003 1134 3076 susceptam
1144 2988 1215 3076 ejus
1227 2988 1472 3076 reparationem,
1482 3009 1548 3075 qua

508 3073 643 3139 raissius
660 3072 747 3148 arina
766 3074 918 3160 appellari
937 3076 1073 3140 meruit:
1096 3096 1135 3139 ac
1150 3075 1293 3161 sequutis
1307 3074 1440 3139 demum
1454 3072 1546 3138 annis

507 3159 550 3231 ab
564 3158 699 3225 Herode
713 3162 907 3238 ἓνὴκτιῶεῖσα,
922 3160 1072 3225 Sebastes
1087 3160 1120 3223 in
1129 3161 1185 3224 Au
1231 3160 1272 3224 sti
1286 3159 1442 3224 honorem
1455 3176 1547 3224 acoe-

503 3244 837 3395 mapmlisdomm.
861 3246 943 3308 Haec
959 3245 1132 3309 Gonnus.
1208 3245 1242 3309 ui
1266 3243 1470 3309 Gabiniorum
1490 3264 1545 3307 ar-

500 3358 506 3366 ·
602 3354 637 3395 rn
659 3330 816 3398 Versione
841 3331 957 3395 Latina
983 3330 1092 3394 habet.
1141 3329 1214 3394 Nec
1240 3329 1387 3394 dissentit
1408 3327 1451 3393 cl.
1478 3329 1546 3393 Pri·

508 3415 662 3482 deauxius
685 3416 771 3493 Hist.
787 3417 821 3482 V.
844 3426 875 3479 et
895 3415 938 3479 N.
962 3416 1044 3480 Test.
1067 3415 1221 3493 Coaneaea,
1246 3426 1327 3500 part.
1346 3414 1379 3480 ii.
1403 3413 1461 3479 lib.
1480 3412 1543 3478 viii.

509 3521 542 3587 p.
557 3515 627 3566 850.
644 3501 698 3565 ubi
713 3502 758 3565 ita
772 3501 881 3565 scribit
895 3508 916 3539 “
928 3514 1146 3587 —propter
1158 3500 1331 3565 Gabinium
1347 3500 1424 3564 urbs
1443 3498 1546 3563 inter·

510 3586 626 3651 “dum
642 3586 815 3650 vocabatur
828 3586 904 3650 urbs
919 3586 1143 3666 Gabiniorum,
1157 3585 1191 3650 h.
1202 3608 1232 3651 e.
1247 3607 1372 3664 eorum,
1383 3606 1465 3671 quos
1476 3585 1544 3648 Ga-

510 3678 531 3713 “
546 3672 654 3737 binius
667 3673 699 3734 in
715 3693 753 3734 ea
768 3671 1013 3736 collocaverat.'’
1058 3670 1121 3737 Sed
1136 3672 1270 3737 fortasse
1283 3672 1360 3736 urbs
1375 3672 1386 3735 i
1410 3692 1445 3735 sa
1458 3670 1546 3735 voci-

510 3770 578 3827 tata
590 3770 639 3822 est
652 3754 798 3835 ruditas,
813 3756 891 3820 dum
905 3761 953 3835 τὴν
968 3755 1103 3821 radoin
1115 3758 1195 3827 πόλιν
1208 3756 1309 3822 edidit
1323 3693 1467 3842 Scaiiger
1482 3777 1546 3821 non

508 3850 564 3907 τῶν
576 3847 612 3905 Γ.
627 3867 666 3905 cr.
681 3841 771 3928 quod
790 3841 888 3906 habet
906 3842 1088 3930 Syncellus,
1104 3856 1161 3908 sut
1175 3846 1290 3921 τὴντῶν
1304 3849 1339 3906 Γ.
1354 3868 1394 3906 π.
1409 3852 1447 3906 ut
1459 3841 1547 3942 apud

509 3926 709 4013 Cadrenum,
724 3927 781 4014 qui
795 3927 827 3990 in
841 3926 927 3991 Hist.
942 3927 1107 4013 Compend.
1122 3928 1164 3992 ad
1178 3949 1211 4077 p.
1227 3941 1293 3994 184.
1308 3949 1413 4014 pauca
1425 3948 1465 3992 ex
1478 3927 1546 3993 istis

509 4012 551 4078 ad
562 4032 669 4111 usque
681 4032 792 4078 vocem
808 4012 892 4094 κτίζει
911 4013 934 4077 l.
949 4019 979 4076 6.
994 4013 1137 4078 adduxit.
1199 4026 1232 4078 ta
1250 4014 1338 4079 dicta
1355 4034 1425 4079 ease
1446 4013 1547 4079 fertur

510 4096 691 4178 maurum,
715 4099 830 4163 Graece
849 4097 992 4178 Auditur,
1011 4100 1089 4198 urbs
1111 4098 1265 4200 Italiae,·a
1285 4097 1418 4165 Lavinio
1439 4099 1547 4201 Latini

508 4183 962 4357 btti‘t‘tttfitbtttt
974 4182 1282 4350 iit,‘³.t’p¹¹.t{tf¹⁶
1293 4185 1546 4360 bittit.

510 4378 532 4421 o
554 4354 708 4443 pidorum
730 4355 907 4420 Palaestinae
930 4355 1061 4420 nomina
1083 4356 1118 4420 in
1140 4382 1176 4421 as
1201 4356 1290 4422 finita
1312 4369 1548 4425 commemorat

537 4440 669 4505 usebius
683 4439 716 4504 in
734 4439 927 4505 Onomasmo
941 4441 980 4506 da
998 4440 1139 4507 Uriilrm.

553 4525 640 4592 ibid.
655 4525 678 4590 l.
690 4538 721 4590 4.
742 4526 797 4589 ἀπὸ
811 4532 861 4590 τοῦ
875 4525 974 4612 αὐτοῦ]
994 4527 1137 4614 Καίσαρος
1151 4522 1242 4594 addit
1256 4528 1418 4594 cedrenus.
1462 4525 1546 4591 Gre-

502 4612 596 4698 gorii
618 4610 854 4699 Abulpbaragii
878 4610 966 4677 Hist.
989 4612 1230 4703 Dynsstiomm,
1253 4636 1293 4679 es
1315 4613 1458 4677 versione
1483 4611 1546 4679 P-o·

509 4697 830 4787 aockii‚Dyn..p.7o.
853 4698 1547 4794 Eoiraparaate(AuguatoCaestre),rsstaa·
