4092 5675
517 747 559 813 62
852 742 1210 813 ANNOTATIONES

515 913 625 981 tentia
640 914 733 981 facile
746 917 877 983 accedo.
919 918 1007 983 Nam
1028 917 1244 984 Tertullianus
1262 938 1302 985 eo
1322 917 1397 986 loeo
1415 921 1549 1010 propris

515 1000 670 1066 duntaxat
691 1003 961 1068 Montanistarum
977 1002 1103 1091 jejunia
1123 1017 1277 1069 recenset.
1320 1004 1374 1070 Sic
1387 1006 1475 1073 enim
1492 1009 1545 1076 lo-

538 1086 645 1151 uitur:
671 1087 832 1173 Quantula
849 1089 930 1154 enim
949 1100 994 1154 est
1016 1089 1100 1175 apud
1119 1113 1173 1155 nos
1193 1088 1365 1155 interdictio
1379 1092 1546 1160 ciborum?

514 1109 606 1237 boos
621 1173 654 1237 ia
666 1195 743 1246 anno
757 1174 958 1256 hebdomadas
968 1175 1256 1264 Xerophagioruorr3
1268 1198 1323 1252 nec
1333 1187 1424 1257 totus,
1434 1193 1546 1266 excep·

515 1257 556 1322 tis
576 1258 690 1323 scilicet
712 1259 847 1326 sabbatis
863 1272 892 1325 et
912 1260 1086 1326 Dominicis
1100 1256 1255 1347 ffatimus
1269 1262 1368 1326 Deo?
1396 1264 1450 1328 De
1470 1286 1547 1353 pas-

514 1344 600 1409 chali
613 1346 856 1434 autem'jejunio
869 1345 948 1412 nihil
963 1348 1053 1427 dixit,
1068 1347 1209 1435 eoquod
1224 1348 1287 1412 hoc
1302 1347 1466 1438 jejunium
1480 1373 1548 1418 non

512 1430 679 1580 proprium
707 1448 776 1498 erat
803 1434 1087 1516 Montanistarum,
1115 1433 1172 1506 sed
1200 1447 1373 1499 commune
1400 1437 1548 1504 omnium

545 1516 783 1582 hristianorum.
829 1518 981 1583 Ceterum
1002 1519 1182 1585 notandum
1201 1533 1260 1599 est,
1275 1519 1337 1584 hoe
1352 1519 1426 1585 loco
1440 1521 1549 1609 Apol·

512 1600 636 1668 lonium
656 1616 808 1689 tanquam
828 1605 1051 1753 pravissimum
1071 1605 1193 1669 facinus
1214 1605 1352 1692 objicere
1371 1608 1549 1690 Montano,

513 1689 602 1777 quod
619 1688 745 1776 jejunia
759 1690 819 1754 sub
849 1712 919 1776 ege,
934 1713 971 1755 ac
989 1690 1050 1756 sub
1061 1690 1214 1777 praecepti
1233 1691 1337 1756 forma
1358 1693 1548 1759 constituis·

512 1789 582 1840 set:
606 1797 669 1838 non
684 1775 773 1860 quod
795 1774 934 1863 'ejunare
952 1776 1073 1842 crimen
1086 1776 1145 1853 sit3
1168 1789 1224 1841 aut
1238 1776 1329 1876 quasi
1351 1778 1564 1864 quibusdam·

512 1860 546 1925 in
560 1860 694 1925 ecelesia
708 1884 773 1925 non
785 1799 890 1942 hosat,
904 1883 1093 1963 semperque
1107 1861 1232 1927 licuerit
1253 1862 1392 1927 rndicere
1408 1861 1546 1951 jejunia.

511 1946 600 2011 Nam
619 1960 653 2011 et
669 1946 809 2012 loannes
830 1947 995 2034 apostola
1014 1944 1198 2013 trrduanurn
1219 1948 1366 2033 Ephesiis
1381 1941 1546 2037 jejunium

510 2031 641 2112 indii,
649 2031 832 2118 priusquam
855 2033 897 2098 ad
918 2032 1122 2098 scribendum
1141 2054 1222 2099 evan·
1244 2033 1343 2098 elium
1363 2054 1399 2097 se
1418 2036 1550 2122 conferi*

511 2130 572 2183 ret.
613 2118 658 2182 Et
679 2118 821 2218 episcopi
844 2119 1010 2188 catholicae
1032 2118 1120 2205 plebi
1142 2054 1295 2183 mandare
1310 2117 1437 2207 jejunia
1458 2120 1550 2186 tols

510 2203 591 2268 bant
609 2224 649 2268 ex
668 2204 710 2268 ah
733 2203 1015 2270 us'sollicitudiuis
1035 2204 1258 2270 ecclesiasticae
1273 2205 1433 2284 causant
1446 2201 1569 2290 docet·

510 2288 645 2356 Tertull.
663 2289 697 2354 in
711 2226 775 2354 iib.
794 2291 851 2355 cit.
870 2312 941 2377 cap.
960 2304 1024 2355 13.-=
1049 2292 1171 2355 Verum
1195 2292 1356 2354 Montano
1380 2290 1416 2355 id
1436 2292 1545 2378 facere

510 2376 693 2442 nullatenus
707 2375 835 2457 licebat,
843 2375 973 2442 homini
987 2375 1152 2455 haeretico,
1165 2389 1199 2441 et
1211 2376 1253 2439 ab
1268 2375 1412 2440 ecclesiae
1425 2397 1550 2478 corpo·¹

509 2482 546 2527 re
559 2475 742 2550 segregato,
757 2461 932 2527 necullum
944 2461 1160 2526 sacerdotium
1174 2461 1310 2547 gerenti.
1333 2461 1466 2544 ‘Merito
1481 2464 1552 2549 ιςί-Ι

509 2559 562 2613 tur
587 2570 664 2612 eum
690 2548 893 2632 reprehendit
918 2547 1124 2631 Apollonius,
1148 2546 1236 2633 quod
1257 2568 1296 2610 ex
1317 2546 1450 2629 arbitrio
1471 2569 1550 2630 stro,¹

509 2655 574 2698 non
592 2655 632 2696 ex
650 2631 829 2716 apostolica
849 2630 1021 2695 traditione
1042 2631 1259 2696 constituisset
1274 2631 1410 2720 jejunia.
1453 2635 1544 2701 Nam

508 2717 741 2781 catholicorum
763 2715 894 2803 quidem
910 2716 1037 2803 jejunia
1061 2738 1102 2781 ex
1125 2714 1346 2804 apostolorum
1370 2717 1544 2785 traditione

507 2815 659 2868 manant:
679 2801 719 2867 de
741 2801 938 2868 solemnibus
959 2823 997 2866 ac
1009 2802 1153 2889 publicis
1170 2801 1301 2891 jejuniis
1322 2803 1453 2892 loquor,
1466 2827 1543 2892 quse

507 2889 730 2954 certis-diebus
744 2887 777 2953 in
791 2887 926 2976 ecelesia
939 2888 1385 2975 quotannisobservabantur.
1423 2891 1542 2956 Haere-

506 2975 643 3040 ticorum
666 2987 773 3040 autem
791 2972 926 3061 jejunia,
941 2995 981 3038 ex
998 2973 1085 3037 inani
1097 2995 1236 3060 praesum
1261 2974 1359 3053 tione,
1374 2987 1408 3040 et
1421 2976 1545 3043 sanctis

505 3061 581 3126 tatis
605 3058 1019 3144 simulationeprooedunt.
1071 3058 1230 3146 Cujusmo
1256 3059 1263 3072 '
1291 3060 1379 3124 fuere
1402 3059 1546 3149 jejunia,-

504 3168 578 3297 plrpae
599 3147 777 3210 Montanus
799 3144 1009 3210 sectatoribus
1030 3144 1096 3208 suis
1117 3148 1271 3232 tanquam
1290 3145 1471 3212 Paracletus
1489 3146 1547 3233 ine

529 3233 535 3246 '
559 3232 594 3297 it.
617 3234 825 3297 Vaaasrus.

549 3318 583 3384 P.
593 3331 644 3382 55.
659 3318 682 3382 l.
693 3335 725 3398 9.
747 3323 760 3382 ὀ
785 3317 932 3401 Πέπουζαν
954 3317 1009 3382 καὶ.
1022 3275 1128 3399 'l’o‘prcr
1149 3317 1426 3466 ‘lepoaoahipbtcd
1448 3318 1541 3386 Huic
1584 3306 1588 3318 .

503 3403 578 3470 loco
596 3404 703 3469 lucem
727 3403 983 3469 commodabunt
1002 3400 1166 3468 dictative
1205 3402 1341 3481 riscillae,
1354 3403 1418 3468 sive
1432 3405 1540 3492 Quin·

502 3489 592 3569 tillae,
606 3489 735 3555 alterius
757 3511 796 3554 ex
815 3489 967 3553 Montani
984 3487 1204 3572 prophetissis,
1223 3487 1353 3552 nescirit
1371 3500 1445 3553 utra
1466 3489 1548 3554 illa-¹¹

502 3596 574 3639 rum
589 3573 800 3660 Epiphanius,
813 3573 939 3674 prolata'
951 3571 993 3636 ab
1005 3593 1046 3636 eo
1059 3573 1094 3636 in
1106 3572 1230 3636 Haeret.
1243 3573 1318 3638 xlix.
1333 3595 1423 3639 num.
1437 3589 1465 3638 1.
1484 3577 1539 3639 Ἑν

503 3658 571 3746 ἰδέᾳ,
584 3661 649 3742 φησὶ
664 3660 906 3746 (prophetrssa),
916 3658 1047 3742 γυναικὸς
1059 3656 1281 3742 ’ἐχηματισμένος
1295 3663 1321 3722 ir
1335 3664 1402 3745 ςολῇ
1416 3654 1541 3748 λαμκιςᾷ

501 3743 572 3824 iride
590 3746 662 3831 πρός
679 3771 716 3827 με
730 3747 845 3832 Χςιςὸς,
858 3744 880 3829 'b
895 3741 1021 3806 iriiohet
1036 3746 1062 3807 ir
1075 3744 1135 3826 ipsi
1148 3747 1197 3821 τὴν
1211 3742 1320 3824 σοφίαν,
1332 3742 1354 3830 r}
1368 3744 1538 3823 ἇπεκᾶλυψί

501 3855 560 3912 por,
574 3831 679 3895 rostari
695 3832 742 3894 ris
762 3828 842 3893 adnot
863 3827 944 3910 (scil.
960 3830 1133 3915 Pepuaam)
1154 3829 1219 3909 eloe(
1238 3827 1328 3915 ἅγιον,
1349 3830 1396 3892 nai
1417 3827 1466 3892 dos
1486 3832 1545 3911 ἣν

500 3919 674 4004 'legamina
688 3918 720 3978 ἐκ
733 3919 770 3977 rei
786 3917 873 4000 spart
888 3912 1019 3991 nutritor.
1050 3915 1161 4000 Atque
1179 3927 1358 4001 propterea,
1372 3928 1409 3979 ut
1423 3927 1537 3982 auctor

501 4015 551 4066 est
573 4001 782 4101 Epiphanius,
796 3999 959 4065 nonnullae
973 3998 1014 4064 ad
1028 4021 1131 4086 usque
1145 3998 1225 4064 illud
1237 4012 1372 4086 tempus.
1383 4000 1536 4066 mulieres

499 4108 538 4152 ac
558 4087 615 4151 vin
637 4086 753 4150 eodem
773 4085 846 4151 loco
861 4084 978 4151 initiari
991 4085 1148 4162 solebant,
1163 4098 1200 4150 ut
1213 4085 1407 4149 excubantes
1422 4085 1536 4151 Chris-

433 4234 437 4241 .
500 4186 571 4238 tum
592 4170 895 4272 contemplarentur.
936 4169 1051 4235 Tradit
1069 4183 1183 4235 auctor
1196 4190 1331 4319 ppoque
1351 4169 1424 4234 libri
1438 4173 1565 4265 Proeg

499 4256 646 4329 destitisti
666 4279 686 4320 a
705 4255 878 4322 Srrmohdo
891 4255 1033 4342 primurn
1047 4254 1135 4334 editi,
1150 4256 1183 4319 in
1232 4255 1322 4319 cerosi
1336 4257 1540 4339 Pepaziano·

416 4373 423 4390 ·
498 4341 710 4408 mon-dicere
735 4341 808 4406 ilias
834 4342 914 4406 hanc
937 4343 1098 4440 Popuzonr
1123 4339 1234 4406 viliam
1250 4338 1357 4426 faisse
1382 4341 1547 4408 Montani!

497 4427 618 4493 Priscoe
628 4438 658 4492 et
672 4425 881 4506 Maximillae,
891 4437 922 4491 et
934 4449 1008 4513 qrcoa
1022 4427 1066 4490 ibi
1080 4436 1236 4512 coepemnt
1247 4424 1433 4511 proedicarc,
1446 4437 1477 4490 ct
1488 4427 1557 4492 ili*

497 4513 653 4592 aixerunt,
669 4511 734 4577 ideo
750 4511 848 4578 iactam
863 4511 1018 4599 appellari
1036 4510 1242 4576 Hierusalem.
1279 4511 1326 4574 Et
1346 4510 1421 4597 qaia
1440 4510 1533 4576 dabi-
1585 4566 1587 4570 .

440 4666 445 4671 ,
499 4609 613 4663 totores
637 4596 696 4663 loci
720 4609 803 4676 sont,
826 4598 890 4662 ideo
916 4597 1022 4662 ceteris
1046 4619 1078 4661 se
1099 4620 1161 4662 esse
1180 4595 1321 4660 meliores
1341 4596 1541 4683 adscribuntf·

497 4683 589 4754 Hor.
602 4684 697 4757 xxvii.
711 4698 805 4778 p.30.
846 4683 1009 4751 Caeterum
1031 4683 1138 4764 rerba,
1159 4705 1231 4772 quoe
1253 4681 1361 4748 statim
1382 4695 1458 4770 post
1478 4705 1542 4749 re·-
