4092 5675
488 1289 495 1296 ί
664 1136 1229 1237 Annornrronss

440 1397 507 1480 IN
533 1397 797 1480 AFRICANI
824 1396 987 1480 EPIST.
1017 1393 1097 1477 AD
1125 1393 1446 1478 ARISTIDEM.

696 1679 700 1688 .
811 1644 1083 1688 ——Q—

473 1824 628 1891 P.114.l.
644 1841 690 1905 19.
713 1830 777 1890 (bix
799 1820 917 1914 ἂκριὸὤς
936 1822 1027 1907 μέντοι
1043 1825 1117 1910 &c.]
1136 1825 1185 1889 En
1204 1823 1274 1903 tibi,
1288 1823 1334 1888 mi
1348 1823 1461 1904 lector,

426 1911 620 1998 particulam
640 1911 805 1992 hactenus,
843 1910 908 1975 uod
922 1910 1032 1989 sciam,
1048 1912 1200 1976 ineditam
1214 1912 1359 1998 epistolae
1376 1911 1464 1975 Afri-

422 1995 502 2060 csni
515 1995 558 2061 ad
570 1996 746 2062 Aristidem
761 1997 802 2062 de
818 1934 939 2061 antisti
952 1997 1144 2097 genealogia
1157 1997 1303 2083 seriptae3
1325 2018 1400 2060 nam
1421 1995 1463 2061 de

423 2082 669 2168 evangeliorum
693 2082 865 2170 diaphonia
892 2082 926 2146 in
957 2103 991 2145 re
1016 2083 1202 2169 gravissima
1228 2082 1314 2168 apud
1342 2095 1463 2147 veteres

451 2168 533 2232 uteri
545 2168 676 2234 solitum
692 2181 751 2233 eet.
795 2166 949 2256 Epistolae
963 2167 1061 2254 hujus
1076 2169 1147 2232 aliae
1159 2166 1306 2253 quedam
1320 2167 1408 2255 ῥήσεις
1420 2168 1464 2231 ab

426 2189 573 2318 lmebio
593 2253 627 2318 in
648 2253 704 2318 lib.
719 2254 747 2317 l.
762 2254 849 2318 Hirr.
863 2274 934 2339 cap.
945 2266 975 2328 7.
994 2253 1099 2319 allatas
1121 2265 1206 2328 sunt,
1222 2275 1295 2339 quae
1315 2252 1463 2317 omnium

426 2359 578 2402 sermone
590 2340 799 2406 celebrantur.
842 2340 1025 2424 Desumpta
1034 2350 1083 2403 est
1097 2353 1204 2403 autem
1220 2359 1301 2401 nova
1316 2337 1466 2423 persists

422 2443 470 2488 ex
487 2422 574 2488 cod.
594 2425 670 2489 MS.
691 2424 805 2489 Theol.
824 2423 1034 2490 Bibliothecae
1058 2424 1215 2488 Caesareoe
1229 2422 1463 2488 Vindobonen-

425 2508 757 2660 datlffiffil
770 2508 1325 2660 ‘'clia'‘hssiilli'ffitlii?
1345 2507 1465 2659 {3⁰32

428 2679 594 2746 nonnullis
610 2695 781 2745 auctorum
799 2617 1087 2745 ecelesiasticorhm
1110 2680 1312 2768 fragmentis,
1331 2617 1465 2745 illuslris

426 2765 515 2832 Baro
534 2788 597 2829 von
620 2765 769 2831 Swieten·
782 2766 937 2830 caesaoeae
958 2767 1169 2831 Bibliotheca:
1196 2767 1389 2853 prefectum
1411 2765 1465 2833 eui

511 2865 600 2917 terea
615 2873 668 2916 me
686 2853 843 2917 beneficio
858 2853 1049 2918 obstrictum
1065 2875 1134 2918 esse
1150 2853 1285 2918 libenter
1297 2852 1466 2918 confiteor,

515 2949 626 3002 tamen
647 2937 791 3025 ingratus
804 2938 837 3002 in
849 2938 987 3002 amicum
1003 2960 1112 3003 meum
1127 2943 1261 3024 πατρῷον
1275 2938 1391 3003 merito
1405 2937 1465 3002 hs-

426 3020 534 3102 beser,
555 3022 617 3087 nisi
644 3023 678 3087 in
703 3022 764 3087 hac
784 3037 876 3110 parte
896 3024 1104 3089 reverendum
1128 3024 1226 3088 virum
1250 3022 1464 3089 Guillelmum

426 3106 573 3197 Boycstt
590 3109 813 3196 presbyterum
832 3109 928 3174 simul
947 3130 1246 3188 commemorarem,
1260 3109 1352 3197 cujus
1367 3131 1464 3196 roga-

426 3204 479 3273 tu,
491 3192 574 3259 dum
591 3214 726 3280 peregre
743 3195 872 3280 agebat,
886 3194 951 3260 hoe
968 3194 1160 3259 beneficium
1179 3217 1198 3258 a
1217 3195 1282 3259 viro
1304 3195 1465 3261 nobilissi-

421 3298 487 3343 mo
498 3299 689 3343 comessum
705 3293 763 3343 est.

471 3364 586 3427 Petrus
607 3378 715 3428 autem
738 3364 930 3429 Lambecius
945 3364 978 3427 in
990 3363 1049 3428 lib.
1062 3363 1107 3427 iii.
1125 3365 1293 3428 Commeat.
1307 3364 1345 3428 de
1359 3366 1465 3431 εαᾶωκ

425 3444 626 3514 Bibliotheca
640 3448 673 3512 V
669 3449 768 3513 indul.
785 3451 825 3515 ad
836 3436 916 3536 pag.
927 3455 978 3513 62.
993 3449 1056 3514 hoo
1071 3449 1183 3515 codice
1197 3463 1465 3531 commemorato,
1598 3502 1600 3509 .

425 3552 503 3621 'qm
516 3547 570 3600 est
584 3534 703 3599 Caleno
717 3537 850 3600 Parrum
865 3536 897 3599 ia
910 3536 982 3600 Eva
1027 3534 1120 3600 elium
1134 3536 1181 3599 D.
1198 3536 1305 3614 Lacte,
1319 3537 1364 3600 ita
1385 3538 1464 3601 scri-

425 3618 491 3685 bit.
526 3626 550 3661 “
564 3620 764 3707 Dignissima
777 3621 923 3708 profecto
937 3558 1071 3686 estnhaec
1087 3621 1221 3700 Catena,
1236 3635 1273 3687 ut
1286 3621 1465 3686 secundum

425 3704 630 3792 “exemplar
657 3705 721 3770 hoe
748 3707 1000 3793 manuscriptum
1031 3709 1099 3772 sine
1127 3708 1193 3771 ulla
1220 3707 1465 3792 interpolatione

424 3796 450 3831 “
465 3789 582 3856 edatur
595 3792 719 3870 Graece,
731 3805 765 3855 et
778 3812 853 3855 cum
867 3791 967 3856 altera
979 3792 1036 3857 illa
1048 3791 1191 3878 ejusdem
1205 3791 1386 3877 argumenti
1398 3791 1463 3856 Ca-

424 3882 450 3919 “
464 3888 541 3941 tens
554 3898 575 3941 a
589 3878 628 3941 R.
642 3877 676 3940 P.
692 3875 847 3941 Corderio
868 3878 956 3942 edita
975 3893 1123 3942 accurate
1138 3879 1332 3941 conferatur.
1377 3878 1465 3943 Inter

418 3968 450 4003 ·“
464 3960 530 4026 alia
548 3961 632 4025 enim
655 3962 808 4026 nonnulla
825 3978 969 4027 veterum
991 3964 1155 4027 Autorum
1177 3962 1367 4048 fragmenta,
1390 3984 1464 4050 quae

425 4054 449 4088 ‘⁴
460 4047 498 4111 iu
511 4061 623 4111 nostra
636 4047 766 4133 quidem
787 4048 847 4112 hac
863 4047 985 4113 Catena
1000 4049 1116 4112 Graeca
1128 4059 1247 4127 extant,
1262 4047 1294 4111 in
1310 4047 1464 4114 Corderi-

424 4139 450 4173 “
465 4154 528 4196 ana
541 4145 650 4196 autem
672 4132 787 4196 Latina
802 4156 866 4197 non
881 4135 1094 4221 reperiuntur,
1108 4147 1157 4197 est
1170 4134 1268 4199 etiam
1284 4134 1417 4222 insignis
1431 4149 1465 4202 et

423 4224 450 4258 “
464 4216 542 4281 satis
561 4217 704 4304 prolixus
724 4218 812 4282 Sexti
825 4219 904 4284 Julii
918 4219 1063 4283 Africani
1078 4219 1143 4282 anti
1166 4219 1290 4284 nissimi
1306 4220 1465 4286 Christia—
1516 4258 1519 4265 ·

425 4308 450 4343 ‘⁴
464 4324 580 4367 norum
598 4302 847 4390 Chronographi
866 4304 959 4368 locus
981 4305 1023 4368 de
1044 4240 1244 4405 Genealogia
1259 4304 1392 4384 Christi,
1431 4306 1464 4372 ui

424 4394 451 4429 “
465 4387 535 4452 folii
549 4403 620 4452 251.
636 4389 753 4474 pagina
767 4389 908 4455 secunda
927 4390 1038 4475 incipit
1051 4391 1101 4454 his
1115 4390 1239 4456 verbrs:
1261 4396 1326 4454 Οὐκ
1345 4397 1409 4475 daps
1435 4399 1449 4411 ”

424 4480 450 4515 “
466 4473 551 4537 &c.''
595 4474 661 4538 Hic
678 4495 781 4561 pauca
797 4475 860 4539 alia
873 4475 968 4541 verba
983 4477 1089 4575 pergit
1103 4477 1312 4541 transcribere
1325 4476 1465 4540 lambe·

424 4558 499 4625 cius
519 4558 562 4624 sd
574 4580 678 4646 usque
693 4581 804 4624 vocem
819 4561 960 4645 γενόμενος
974 4561 1016 4625 ad
1029 4562 1084 4625 lm.
1101 4577 1129 4625 1.
1174 4563 1272 4626 Porro
1288 4559 1464 4627 cumidem

423 4643 491 4711 hoc
504 4645 726 4735 fragmentum
740 4658 848 4713 extare
863 4647 1143 4734 deprehendissem
1159 4647 1193 4713 iu
1208 4646 1331 4713 Marce
1347 4646 1465 4714 Galam

933 4754 952 4799 Ι
965 4747 984 4801 3
