4092 5675
589 735 629 799 88
924 732 1282 803 ANNOTATIONES

587 905 626 970 lis
652 904 797 970 Justinus
821 905 959 992 Martyr.
1004 905 1086 970 Hac
1107 905 1194 970 enim
1221 905 1252 970 in
1276 903 1333 969 lib.
1348 926 1377 968 ν.
1399 905 1513 972 Contra
1534 903 1628 978 Haeaess

588 1014 646 1054 ret.
663 1013 733 1076 cap.
745 997 775 1055 6.
792 991 1081 1068 Irenaeum-uada&
1103 990 1150 1069 noi
1167 999 1285 1056 πολλῶν
1306 988 1427 1073 ἀκίομεν
1447 994 1572 1073 ἀδελφῶν
1593 995 1627 1062 tr,

587 1083 620 1161 τῇ
636 1074 782 1160 ἐκκλησία,
794 1079 955 1159 στροφητικά
967 1076 1142 1163 χαρίσματα
1156 1076 1286 1163 ἐχίντονν,
1300 1075 1346 1155 κοίη
1357 1079 1544 1152 παντοδαπαῖς
1558 1093 1626 1146 λοι·,

587 1161 704 1225 λυόντων
719 1164 763 1224 διαὶ
778 1168 825 1224 τοῦ
840 1161 1000 1243 πνεύματος
1011 1162 1171 1247 γλώσσαις,
1183 1163 1230 1225 καί
1243 1165 1280 1224 τοὶ
1291 1161 1391 1247 κρύφια
1400 1170 1454 1226 τῶν
1469 1161 1622 1249 ἀνθρώπων

587 1251 623 1320 είς
639 1246 750 1333 φάνερον
770 1246 893 1331 ἀγόντων
913 1249 955 1310 ἐντί
972 1252 1011 1332 τῷ
1029 1246 1203 1332 συμφέροντι,
1217 1247 1264 1310 καί
1283 1251 1322 1310 τοὶ
1338 1246 1459 1333 μυςῆρια
1474 1254 1522 1310 τοῦ
1542 1251 1627 1312 Θεοῦ.

587 1334 659 1410 laha
683 1330 809 1415 οομίιων.
846 1334 889 1396 Et
932 1332 1006 1397 aulo
1029 1347 1103 1396 ante
1121 1334 1154 1396 S.
1170 1335 1327 1397 Irenaeum
1345 1331 1491 1398 Justinus
1510 1331 1565 1396 ille
1587 1332 1628 1398 in

587 1359 725 1505 Dindrgo
740 1440 808 1482 cum
825 1355 987 1504 Tryphone
998 1418 1110 1482 Jadoeo
1123 1444 1135 1496 ‚·
1157 1421 1312 1505 σταριὶγάρ
1327 1419 1450 1500 ἡμῖνκαὶ
1467 1415 1554 1503 μέχρι
1577 1423 1626 1482 νῦν·

586 1508 748 1591 προφητικοὶ
767 1503 940 1589 χαρίσματα
961 1507 1027 1576 ὲςιν.
1049 1507 1079 1581 ἐξ
1099 1502 1128 1567 οὗ
1146 1505 1193 1566 καί
1214 1506 1290 1566 αὐτοὶ
1303 1502 1417 1582 συνίενου
1433 1502 1564 1586 ὀφείλετε,
1579 1501 1621 1566 irs

586 1595 624 1654 τοὶ
637 1590 735 1666 οτάλαη
749 1592 774 1651 ἐν
789 1594 828 1675 τῷ
843 1589 914 1674 γένει
929 1595 1002 1669 ὑμῶν
1023 1588 1089 1651 ὄντα
1109 1593 1144 1663 είς
1166 1593 1236 1670 ἡμᾶς
1256 1588 1401 1672 μετετέθη.
1423 1609 1494 1674 cap.
1510 1587 1622 1653 lxxxii.

586 1697 620 1761 p.
635 1690 699 1754 189.
717 1675 780 1760 Op.
791 1675 841 1737 ed.
853 1674 1053 1738 Benedictin.
1064 1676 1180 1739 Venet.
1207 1674 1314 1738 Taceo
1325 1673 1366 1738 de
1378 1672 1550 1751 Melitene,
1562 1673 1629 1760 qui¹

586 1773 668 1826 teste
681 1759 879 1825 Tertulliano
892 1759 977 1845 apud
994 1759 1229 1846 Hieronymum
1240 1762 1291 1824 De
1306 1759 1391 1824 Varis
1402 1758 1454 1823 Ill.
1464 1781 1535 1845 cap.
1546 1781 1620 1828 xxv.

585 1870 604 1910 a
629 1845 787 1932 plerisque
811 1846 967 1931 propheta
990 1845 1182 1931 putabatur;
1209 1845 1264 1910 sed
1289 1866 1451 1932 nunquam
1475 1844 1627 1910 defectu·.

586 1954 657 1995 rum
673 1953 741 1993 esse
757 1932 789 1993 in
803 1931 936 1994 ecclesia
953 1930 1073 1994 donum
1093 1932 1314 2016 propheticum
1330 1946 1443 1995 auctor
1457 1929 1511 1994 hic
1525 1931 1620 1994 Ano·

586 2040 704 2105 nymus
719 2016 758 2080 ad
774 2016 827 2079 fin.
844 2019 867 2080 F
870 2029 1107 2101 ragmentorum
1124 2017 1245 2081 statuit.
1295 2017 1440 2081 Fortasse
1454 2037 1535 2102 ergo
1548 2016 1624 2092 ani-

586 2127 659 2168 mos
674 2102 840 2166 hominum
855 2106 1034 2166 turbaverat
1048 2124 1128 2164 nova
1142 2101 1321 2187 prophetia,
1333 2103 1377 2165 ob
1389 2123 1504 2165 novum
1521 2116 1622 2188 atque

586 2189 751 2253 insolitum
770 2187 899 2251 oracula
916 2188 1029 2251 edendi
1042 2186 1127 2272 apud
1143 2188 1358 2251 Montanistas
1373 2187 1518 2265 modum,
1532 2192 1621 2273 παρὰ

584 2278 617 2340 τὸ
633 2279 708 2338 κατοὶ
721 2272 871 2358 παράδοσιν
886 2274 907 2359 ’i
923 2277 998 2337 κατὰ
1012 2276 1150 2359 διαδοχὴν,
1162 2271 1265 2336 ἀνωθεν
1275 2279 1321 2350 τῆς
1333 2272 1482 2350 ἐκκλησίας
1497 2271 1557 2348 ἔθος
1571 2275 1621 2351 δῆ-

585 2368 633 2425 hev
656 2359 862 2448 προφητεύοντος
891 2363 1064 2440 (Μοντανὲ),
1088 2358 1133 2422 ait
1153 2360 1221 2444 ipse
1241 2359 1293 2423 hic
1315 2359 1451 2443 scriptor
1473 2358 1554 2423 infra
1577 2358 1621 2424 ad

585 2469 663 2535 pag.
674 2459 724 2523 75.
740 2459 807 2511 tum
825 2459 993 2532 propterea
1009 2444 1097 2531 quod
1113 2468 1193 2509 nova
1207 2444 1313 2508 edicta
1327 2444 1411 2507 circa
1427 2442 1551 2531 jejunia
1569 2457 1621 2510 at-

586 2555 649 2620 que
663 2532 739 2596 alias
754 2555 802 2595 res
818 2546 903 2595 vates
919 2532 970 2594 isti
986 2531 1190 2616 promulgare
1204 2530 1273 2593 ausi
1287 2530 1427 2593 fuerunt.

637 2620 671 2681 P.
693 2629 743 2692 74.
768 2617 842 2679 1..6.
871 2616 997 2702 ἑκάςοτι]
1027 2614 1116 2688 {naqa
1137 2642 1168 2679 τε
1188 2614 1240 2678 ed.
1262 2615 1374 2699 Steph.
1426 2613 1622 2701 Amplector

553 2749 556 2753 -
587 2699 843 2774 emendationem
871 2700 1170 2785 Christophorsoni‚
1192 2700 1247 2785 qui
1272 2699 1386 2772 ἑκάςοτε
1411 2700 1558 2780 correxit,
1585 2702 1622 2767 id

588 2802 648 2869 est,
672 2786 808 2864 assidue,
834 2785 989 2872 quotidie.
1022 2800 1056 2850 et
1078 2785 1123 2850 sic
1145 2785 1278 2849 Savilius
1300 2785 1341 2849 ad
1363 2807 1451 2850 oram
1473 2784 1547 2850 libri
1568 2789 1621 2854 sui

587 2873 776 2941 emendavit.
799 2873 1007 2936 Vaaasrus.
1052 2874 1090 2935 In
1106 2884 1229 2936 textum
1245 2871 1344 2956 ipsam
1361 2870 1619 2939 emendationem

587 2961 693 3045 recepi
714 2959 774 3022 fide
794 2956 903 3021 codicis
924 2954 1062 3044 Norfolc.
1081 2957 1183 3021 nixus.
1226 2957 1310 3020 Mox
1330 2957 1421 3020 abest
1441 2960 1468 3020 ἐν
1488 2970 1564 3023 ante
1585 2963 1622 3047 τῇ

588 3044 725 3131 ἐκκλησίᾳ
738 3046 779 3107 ab
794 3042 858 3106 eod.
874 3042 972 3107 codice
986 3056 1082 3128 atque
1098 3041 1279 3128 Nicephora

631 3131 715 3196 Ibid.
730 3130 753 3194 l.
766 3148 796 3208 9.
818 3131 864 3193 καί
883 3128 933 3203 rtis
955 3128 1114 3213 ἀντιθέτοις]
1138 3128 1253 3192 Malim
1272 3127 1422 3208 ἀντιθέους,
1442 3142 1478 3193 ut
1499 3127 1627 3215 legitur-

588 3217 627 3281 ad
642 3217 819 3302 marginem
835 3214 983 3279 editionis
998 3214 1203 3279 Genevensis.
1243 3213 1328 3279 Cum
1343 3215 1427 3278 enim
1444 3214 1513 3302 jam
1528 3215 1620 3280 dixe-

587 3304 628 3367 rit
642 3305 702 3378 τοὺς
715 3300 867 3380 ἐξεναντίας
881 3305 1100 3388 deonerabitur,
1113 3300 1309 3387 ineptissima
1320 3314 1405 3365 esset
1419 3300 1578 3409 repetitio,
1593 3299 1639 3367 si'

586 3392 647 3465 τοὺς
672 3386 827 3462 ἀντιθέτους
852 3389 966 3452 iterum
994 3387 1183 3451 nominaret.
1217 3389 1340 3452 Verum
1366 3389 1504 3463 ἀντιθειις,
1552 3387 1621 3452 uod

586 3475 685 3561 longe
698 3475 823 3561 gravius
837 3488 896 3550 est,
911 3472 1051 3557 appellat
1065 3473 1292 3551 MontanistaS,
1306 3471 1339 3534 id
1360 3485 1409 3535 est
1427 3471 1491 3536 Dei
1552 3493 1621 3536 ver-

587 3562 750 3636 sarios,·eo
766 3558 854 3644 quod
869 3581 986 3621 novum
1005 3556 1201 3621 Paracletum
1215 3557 1412 3621 inducerent.
1449 3560 1559 3656 Atque
1572 3557 1621 3622 ita
1677 3604 1680 3613 .

587 3645 621 3709 in
639 3644 752 3709 codice
774 3643 859 3707 Fuk.
881 3657 913 3706 et
934 3641 1028 3705 Saril.
1047 3642 1201 3727 scriptum
1219 3642 1365 3706 habetur.
1410 3642 1445 3707 Si
1480 3666 1529 3707 urs
1543 3664 1620 3708 vero

587 3727 742 3803 ἀντιθέτους
766 3729 900 3793 retinere
920 3725 1079 3807 maluerit,
1094 3749 1159 3790 non
1180 3728 1379 3814 repugnabo.
1425 3666 1513 3791 lnira
1531 3727 1619 3794 enim

588 3816 739 3881 dicuntur
772 3812 1022 3894 ἀντιδιατιθέμενοι,
1050 3826 1087 3876 ut
1115 3824 1148 3876 et
1178 3813 1264 3898 apud
1294 3815 1398 3899 Greg.
1421 3814 1621 3901 Nyssaenum

587 3902 659 3966 libr.
679 3902 706 3965 1.
727 3914 839 3964 eontra
861 3897 1069 3976 Eunomium,
1088 3911 1121 3961 et
1146 3898 1276 3963 Paulum
1302 3899 1334 3963 in
1355 3899 1391 3963 ii.
1411 3898 1452 3962 ad
1472 3898 1620 3963 Timoth.

587 3989 795 4052 Vanasrus.
838 3987 912 4050 Vox
934 3983 1072 4058 ἀντιθέους
1095 3983 1233 4068 reposita
1251 3996 1301 4048 est
1318 3984 1359 4049 ad
1373 3985 1485 4071 Marg.
1500 3985 1621 4049 Enem-

585 4071 688 4157 ploris
703 4070 777 4136 edit.
798 4068 905 4155 steph.
921 4070 952 4133 in
967 4068 1116 4133 biblioth.
1131 4069 1225 4133 Bodl.
1240 4070 1365 4134 servati.

633 4155 715 4220 Ibid.
732 4157 754 4220 l.
770 4172 816 4220 13.
837 4163 886 4220 τοῦ
898 4156 1043 4240 Ὀτρηνοῦ]
1059 4155 1149 4221 Male
1162 4155 1246 4240 apud
1262 4153 1484 4241 Nicephorum
1499 4152 1621 4241 legitur

587 4244 731 4329 Ὀςρηνοΐκ
774 4240 1030 4326 Distinguendus
1045 4255 1152 4305 autem
1168 4240 1290 4305 videtur
1304 4241 1356 4304 hic
1372 4238 1505 4303 Zoticus
1521 4241 1619 4305 Otre-

589 4352 660 4408 nus,
681 4349 702 4390 a
723 4326 838 4391 Zotico
862 4326 1055 4390 Comanensi
1076 4326 1239 4411 episcopo,
1257 4328 1349 4412 cujus
1371 4325 1452 4389 infra
1472 4325 1620 4391 meminit

588 4415 642 4478 hic
658 4425 781 4481 auctor.
824 4413 911 4476 Nam
929 4411 1138 4475 Comanensis
1157 4411 1210 4475 ille
1226 4412 1385 4497 antiquior
1400 4410 1470 4474 fuit.
1493 4411 1620 4475 Vana-

592 4520 686 4569 srus.
736 4497 858 4562 Contra
881 4510 1047 4563 censuerat
1069 4497 1225 4561 Baronius
1239 4498 1270 4561 in
1285 4495 1473 4573 Λνττιαίὶἀυο,
1487 4496 1620 4560 eosdem

589 4585 687 4649 fuisse
708 4583 769 4648 hos
792 4583 958 4661 honrines3
983 4583 1132 4646 Zoticum
1154 4582 1338 4668 episcopum
1361 4583 1392 4645 in
1407 4580 1561 4645 Armenia
1579 4604 1621 4647 ex

590 4670 830 4759 Martyrologio
847 4670 991 4734 Romano
1007 4668 1162 4748 afferens,
1183 4684 1217 4733 et
1235 4667 1422 4734 hallucinari
1436 4665 1503 4731 vult
1518 4666 1621 4732 Nice-
