4092 5675
674 774 727 843 m
749 769 983 842 suuoomu
1004 769 1372 842 Amtocnuunu.
1481 783 1553 863 521

503 948 555 1032 ξς.
571 958 685 1025 9-14.
701 969 734 1034 p.
748 959 881 1027 29-34.
909 946 1116 1047 Styanusque
1136 943 1313 1025 Thirlbius,
1335 934 1481 1032 Remota·
1504 945 1551 1013 dd
1639 1015 1641 1020 ,

503 1033 555 1101 W
551 1033 664 1107 histos.
681 1035 711 1117 ξ.
725 1056 775 1098 xv.
791 1056 823 1119 p.
837 1033 983 1098 ci—cvai.
997 1046 1030 1097 et
1046 1031 1125 1097 Gul.
1141 1031 1318 1114 Berriman.
1335 1032 1369 1097 in
1385 1032 1549 1099 0οησίοηὶ-

502 1118 559 1184 tus
580 1119 644 1185 suis
669 1120 725 1183 Mo
750 1119 863 1183 minuis
885 1119 990 1184 Cone.
1009 1118 1056 1185 iii.
1105 1124 1357 1197 .146-149.et
1379 1118 1484 1205 Conc.
1506 1120 1548 1187 iv.

501 1228 535 1293 p.
551 1218 620 1271 183.
656 1142 786 1295 Quidus
801 1204 1013 1292 scriptoribus
1028 1205 1060 1269 in
1085 1201 1187 1284 iestis,
1203 1204 1267 1288 hoc
1288 1204 1473 1270 addendum
1494 1206 1550 1272 fui

501 1291 574 1371 erit,
590 1292 667 1356 satis
681 1291 843 1357 evidenter
858 1292 989 1379 probari
998 1292 1101 1379 hujus
1116 1290 1322 1357 vetustissimi
1342 1292 1472 1357 concilii
1493 1314 1549 1357 or·

500 1377 705 1457 thodoxiam,
729 1400 806 1444 cum
829 1400 869 1443 ex
894 1377 956 1442 fine
980 1378 1127 1464 epistolae
1151 1377 1250 1464 ipsius
1272 1376 1449 1466 synodicae,
1474 1389 1551 1468 quw

501 1464 543 1528 ad
559 1464 758 1552 Dionysium
780 1466 976 1542 Romanum,
992 1469 1030 1528 τῦ
1050 1463 1169 1546 ὁμοεσίε
1192 1471 1309 1528 testem
1332 1464 1549 1548 luculentum,

500 1550 601 1615 missa
614 1565 675 1629 est,
690 1550 724 1614 in
739 1572 804 1637 qua
819 1550 938 1617 dicitur
953 1549 1070 1615 Paulus
1086 1551 1131 1614 riv
1145 1551 1218 1614 Θεὸν
1232 1553 1279 1614 τὸν
1293 1556 1379 1614 &auri
1402 1551 1423 1637 ai,
1446 1550 1550 1640 Ku‘gtos

500 1636 691 1722 denegasse,
715 1650 753 1701 ut
776 1636 839 1701 alia
865 1636 970 1702 multa
992 1656 1090 1722 supra
1115 1635 1191 1700 inde
1214 1650 1366 1722 excerpta
1383 1636 1549 1717 omittam,

500 1735 572 1787 tum
588 1744 662 1787 vero
678 1722 840 1809 praecipue
861 1744 901 1787 ex
918 1721 1057 1810 epistola
1072 1722 1190 1809 priore,
1207 1743 1279 1809 quae
1301 1743 1358 1787 sex
1378 1720 1551 1810 episcopo·

500 1830 572 1873 rum
597 1808 779 1894 appellatur
789 1832 800 1888 3
822 1809 891 1889 ubi,
906 1821 1079 1897 postquam
1100 1808 1251 1873 unionem
1266 1807 1403 1873 duarum
1418 1822 1550 1874 natura·

499 1915 573 1959 rum
590 1894 624 1957 in
639 1893 773 1959 Christo
786 1894 1120 1974 commemoraverint,
1134 1894 1165 1958 οὔ
1182 1893 1283 1981 χάριν,
1304 1895 1339 1959 hi
1360 1894 1551 1984 inquiunt,i

499 1982 584 2055 αὐτὸς
599 1982 672 2054 Θεὸς
687 1983 735 2044 καὶ
750 1980 890 2069 ἄνθρωπος
910 1984 1016 2059 Ἰησοῦς
1039 1984 1143 2064 xpus,
1156 1980 1357 2067 ωροεφητεύετο
1373 1983 1400 2045 ἓν
1414 1981 1487 2068 νόμῳ
1500 1982 1551 2047 nal

500 2069 669 2153 προφήταις·
694 2068 743 2130 καὶ
765 2072 791 2131 ἐν
812 2070 847 2153 τῇ
865 2067 1005 2152 ἐκκλησίᾳ
1020 2092 1055 2152 τῃ
1074 2068 1124 2130 ὑπὸ
1138 2067 1185 2128 τὸν
1201 2069 1297 2151 ἐρανὸν
1310 2068 1395 2144 arcion
1409 2066 1551 2141 uraris-so·

499 2178 548 2231 rou
562 2156 636 2228 Θεὸς
650 2154 701 2235 μὲν
719 2151 841 2227 advocas
855 2152 951 2216 ἑαυτὸν
971 2150 1027 2215 dard
1045 2157 1095 2216 τοῦ
1116 2150 1181 2228 sirau
1196 2151 1249 2213 ica
1266 2156 1343 2239 Θεῷ·
1366 2132 1507 2239 ἅνθρωπος
1521 2154 1551 2217 δὲ

499 2240 522 2326 ‘it
538 2242 568 2302 ἐκ
583 2240 742 2325 σπέρματος
757 2237 849 2301 Aat'tt
862 2240 894 2302 τὸ
910 2240 987 2301 κατὰ
1000 2236 1109 2323 σάρκα.
1150 2238 1253 2323 Supra
1267 2237 1308 2302 ad
1324 2259 1400 2325 pag.
1412 2252 1484 2315 473.

545 2325 609 2389 Sed
624 2325 675 2390 vix
689 2341 722 2389 et
737 2346 777 2388 ne
793 2325 843 2389 vix
855 2324 987 2412 quidem
1001 2324 1264 2410 praetereundum
1281 2324 1361 2388 illud
1375 2337 1437 2401 est,
1449 2345 1550 2390 cona·

501 2422 554 2475 tos
573 2432 643 2475 esse
667 2410 836 2475 ostendere
855 2412 939 2477 viros
957 2410 1116 2497 quosdam
1132 2409 1288 2490 eruditos,
1304 2407 1391 2474 haud
1405 2431 1550 2498 unquam

500 2496 657 2583 rejectum
673 2497 772 2561 fuisse
786 2518 805 2561 a
820 2497 959 2563 concilio
975 2496 1183 2561 Antiocheno
1197 2496 1392 2560 vocabulum
1407 2497 1567 2579 ὄμοέσιον...

500 2583 631 2647 Etenim
653 2596 729 2670 post
750 2582 960 2648 Prudentium
982 2582 1168 2661 Maranum,
1183 2603 1280 2669 quem
1295 2581 1386 2646 video
1400 2581 1554 2648 docuisse

501 2668 534 2731 in
552 2669 639 2733 Diss.
659 2692 713 2734 sur
733 2667 777 2733 les
796 2662 981 2733 Serniariens
1003 2667 1093 2733 haud
1115 2667 1269 2756 sprevisse
1290 2669 1452 2760 synodum
1475 2670 1549 2733 An·

501 2755 685 2820 tiochenam
701 2775 815 2820 vocem
834 2752 975 2835 ὀμοέσιον,
987 2753 1074 2818 idem
1091 2767 1226 2818 conatus
1238 2768 1288 2819 est
1301 2753 1465 2820 adstruere
1478 2756 1550 2820 Jac.

503 2843 593 2905 Guil.
605 2843 787 2909 Feverlinus
796 2843 829 2906 in
841 2841 977 2908 Dissert.
988 2841 1040 2906 De
1051 2840 1180 2906 Hoeresz'
1192 2840 1289 2905 Pauli
1302 2841 1422 2908 Samos.
1433 2841 1476 2906 de
1484 2860 1550 2929 qua

501 2927 586 3005 dixi;
608 2951 648 2993 eo
670 2928 818 3007 consilio,
839 2926 966 3016 opinor,
984 2940 1023 2992 ut
1043 2927 1065 2992 S
1091 2926 1240 2994 mbolum
1264 2929 1297 2992 in
1311 2928 1403 2995 Actis
1418 2927 1551 2996 concilii

503 3013 656 3098 Ephesini
670 3027 792 3094 extans,
807 3015 839 3078 in
878 3037 921 3080 uo
937 2950 1130 3079 vocabuiitm
1152 3018 1282 3097 ὁμοέσιος
1304 3035 1391 3102 saepe
1412 3015 1551 3081 adhibe·

501 3114 567 3179 tur,
596 3100 724 3187 synodo
751 3101 870 3164 Antioc
895 3121 964 3164 enae
991 3097 1178 3177 vindicaret,
1210 3099 1289 3163 dum
1319 3099 1549 3182 Athanasium,
1615 3121 1619 3127 ·

500 3185 670 3265 Basiiium,
692 3184 920 3273 Hilariumque
941 3207 981 3249 ex
1003 3184 1067 3250 tide
1090 3185 1318 3250 tantummodo
1337 3184 1507 3251 hominum
1529 3208 1550 3252 s

500 3292 580 3336 voce
600 3271 778 3336 alienorum
799 3271 869 3335 haec
890 3271 994 3336 eidem
1014 3270 1085 3335 voci
1100 3271 1252 3420 opposita
1266 3292 1410 3335 narrasse
1424 3272 1549 3338 statuit.

501 3358 579 3424 Vid.
594 3358 682 3422 Dies.
697 3359 768 3444 ejus
785 3357 827 3423 ad
846 3359 898 3442 ἕξ.
911 3357 974 3422 νὶἱὶ.
989 3370 1023 3421 et
1037 3357 1081 3421 ix.
1149 3357 1257 3441 uiuam
1277 3378 1352 3420 vero
1374 3359 1547 3507 persuade·
1603 3419 1605 3421 ,

500 3443 551 3509 bit
563 3457 620 3508 aut
634 3443 827 3522 Feverlinus,
839 3458 896 3508 aut
912 3443 1082 3530 quisquam
1096 3442 1189 3522 alius,
1202 3463 1340 3528 magnos
1354 3442 1376 3506 il
1391 3464 1427 3507 os
1440 3456 1550 3530 patres

501 3531 535 3594 in
556 3531 605 3594 his
619 3530 843 3595 controversiis
864 3550 921 3615 per
943 3542 1044 3594 totam
1069 3529 1165 3593 vitam
1188 3528 1378 3593 exercitatos
1400 3551 1435 3593 se
1458 3529 1548 3595 deci·

498 3617 535 3714 pi
557 3638 669 3702 passos
690 3615 790 3680 fuisse
808 3615 841 3679 in
858 3638 892 3680 re
914 3627 1003 3680 tanta
1023 3615 1063 3679 de
1084 3614 1326 3679 celebratissimi
1344 3615 1474 3680 concilii
1488 3615 1547 3681 de·

501 3705 610 3766 creto?
659 3703 769 3780 Porro,
790 3715 829 3766 ut
855 3701 979 3786 optime
1005 3701 1132 3765 monuit
1159 3700 1284 3780 Bullus,
1311 3702 1341 3784 ξ.
1365 3713 1412 3765 14.
1435 3716 1549 3782 contrs

502 3787 733 3867 Curcellaeum,
755 3788 811 3874 qui
832 3788 975 3871 Nicaenis
1000 3787 1145 3873 patribus
1169 3786 1411 3852 Antiochenum
1434 3787 1547 3852 decre-

501 3885 571 3938 tum
589 3874 773 3960 ignoratum
788 3873 887 3936 fuisse
902 3873 1068 3951 docuerat,
1082 3879 1105 3912 “
1116 3872 1323 3950 Athanasius,
1343 3873 1399 3960 qui
1420 3873 1548 3962 synodo

500 3967 523 3998 “
539 3959 696 4038 Nicaenae,
709 3971 746 4024 ut
759 3959 883 4023 dictum
899 3971 961 4037 est,
977 3958 1045 4044 ipse
1060 3959 1217 4037 interfuit,
1228 3958 1346 4022 diserte
1362 3971 1498 4024 testatur
1513 3959 1548 4025 in

499 4053 522 4086 “
537 4047 611 4110 loco
626 4067 722 4131 supra
738 4045 836 4109 allato
850 4057 956 4130 patres
977 4046 1101 4109 Nicaeae
1118 4060 1335 4130 congregatos
1349 4045 1482 4110 omnino
1498 4046 1549 4110 in-

499 4138 522 4171 “
538 4132 698 4196 tellexisse
722 4136 771 4210 τὴν
796 4130 973 4231 πανουργίαν
999 4137 1047 4195 τοῦ
1072 4131 1191 4194 Παύλου
1214 4129 1421 4196 calliditatem
1444 4131 1547 4212 Pauli,

498 4224 655 4303 “nempe
678 4217 1002 4294 Samosateni,1neo
1024 4216 1159 4296 scilicet,
1182 4216 1270 4303 quod
1293 4217 1469 4303 sophistice
1489 4222 1549 4284 sud

498 4309 521 4343 “
540 4303 624 4388 (vide
639 4302 852 4367 Athanasium
875 4304 983 4388 supra)
1001 4302 1088 4389 apud
1102 4302 1326 4367 Antiochenos
1343 4303 1377 4368 id
1392 4305 1545 4386 effecerit,

498 4397 522 4428 “
536 4401 573 4453 ut
584 4410 695 4454 vocem
711 4388 921 4474 aptissimam,
933 4401 1031 4475 atque
1046 4412 1066 4453 a
1081 4388 1247 4453 catholicis
1263 4388 1451 4454 doctoribus
1466 4390 1546 4455 olim

498 4482 721 4561 “usurpatam
747 4475 934 4560 abjicerent,
959 4474 1098 4561 ideoque
1121 4497 1232 4541 vocem
1256 4475 1351 4539 istam
1373 4474 1491 4540 iterum
1512 4475 1546 4540 in

498 4568 520 4600 “
537 4583 631 4624 usum
645 4561 787 4624 ecclesiae
801 4582 979 4639 revocasse3
996 4563 1113 4647 quibus
1130 4561 1208 4625 nihil
1224 4559 1369 4626 contrafi
1396 4576 1544 4626 mentum

497 4654 521 4686 “
538 4646 710 4710 Curcellaei
730 4646 880 4710 disertius
899 4638 962 4710 dici
983 4647 1124 4733 potuit.’'
1138 4669 1170 4734 p.
1182 4661 1232 4711 34.
1270 4648 1357 4710 Vera
1371 4582 1447 4711 haec
1469 4669 1544 4711 om-

497 4734 549 4798 nia
561 4758 571 4814 i
594 4733 808 4821 quamobrem
826 4745 936 4798 autem
958 4748 1024 4798 tam
1046 4732 1130 4798 male
1151 4733 1334 4800 existiment
1356 4733 1410 4798 alii
1428 4732 1546 4800 deiide
