<?xml version="1.0" encoding="UTF-8"?>
<!DOCTYPE html PUBLIC "-//W3C//DTD XHTML 1.0 Transitional//EN"
    "http://www.w3.org/TR/xhtml1/DTD/xhtml1-transitional.dtd">
<html xmlns="http://www.w3.org/1999/xhtml" xml:lang="en" lang="en">
 <head>
  <title>
</title>
<meta http-equiv="Content-Type" content="text/html;charset=utf-8" />
  <meta name='ocr-system' content='tesseract 3.04.00' />
  <meta name='ocr-capabilities' content='ocr_page ocr_carea ocr_par ocr_line ocrx_word'/>
</head>
<body>
  <div class='ocr_page' id='page_1' title='image "./reliquiaesacrae09routgoog_0311.png"; bbox 0 0 4092 5675; ppageno 0'>
   <div class='ocr_carea' id='block_1_1' title="bbox 649 779 1454 865">
    <p class='ocr_par' dir='ltr' id='par_1_1' title="bbox 649 779 1454 865">
     <span class='ocr_line' id='line_1_1' title="bbox 649 779 1454 865; baseline 0 -19"><span class='ocrx_word' id='word_1_1' title='bbox 649 781 702 849; x_wconf 92' lang='lat' dir='ltr'><strong>IN</strong></span> <span class='ocrx_word' id='word_1_2' title='bbox 723 779 946 848; x_wconf 82' lang='lat' dir='ltr'><strong>AFRICANI</strong></span> <span class='ocrx_word' id='word_1_3' title='bbox 970 779 1226 847; x_wconf 85' lang='lat' dir='ltr'><strong>CHRONICA.</strong></span> <span class='ocrx_word' id='word_1_4' title='bbox 1392 798 1454 865; x_wconf 84' lang='lat'><strong>311</strong></span> 
     </span>
    </p>
   </div>
   <div class='ocr_carea' id='block_1_2' title="bbox 411 950 1552 4870">
    <p class='ocr_par' dir='ltr' id='par_1_2' title="bbox 411 950 1453 1126">
     <span class='ocr_line' id='line_1_2' title="bbox 411 950 1453 1041; baseline -0.001 -25"><span class='ocrx_word' id='word_1_5' title='bbox 411 950 526 1041; x_wconf 65' lang='grc' dir='ltr'><strong><em>χόμν·</em></strong></span> <span class='ocrx_word' id='word_1_6' title='bbox 543 951 591 1030; x_wconf 73' lang='grc' dir='ltr'><strong>καὶ</strong></span> <span class='ocrx_word' id='word_1_7' title='bbox 600 952 752 1039; x_wconf 52' lang='lat' dir='ltr'><strong>mizael</strong></span> <span class='ocrx_word' id='word_1_8' title='bbox 766 951 902 1033; x_wconf 76' lang='grc' dir='ltr'><strong>βασιλεία</strong></span> <span class='ocrx_word' id='word_1_9' title='bbox 916 951 975 1016; x_wconf 75' lang='lat' dir='ltr'><strong>&amp;a</strong></span> <span class='ocrx_word' id='word_1_10' title='bbox 998 951 1045 1016; x_wconf 93' lang='lat' dir='ltr'><strong>At</strong></span> <span class='ocrx_word' id='word_1_11' title='bbox 1057 972 1130 1015; x_wconf 85' lang='lat' dir='ltr'><strong>vero</strong></span> <span class='ocrx_word' id='word_1_12' title='bbox 1142 964 1258 1036; x_wconf 80' lang='lat' dir='ltr'><strong>praeter</strong></span> <span class='ocrx_word' id='word_1_13' title='bbox 1269 950 1453 1038; x_wconf 80' lang='lat' dir='ltr'><strong>AEgialeum</strong></span> 
     </span>
     <span class='ocr_line' id='line_1_3' title="bbox 412 1035 1342 1126; baseline 0 -24"><span class='ocrx_word' id='word_1_14' title='bbox 412 1037 526 1125; x_wconf 84' lang='lat' dir='ltr'><strong>plures</strong></span> <span class='ocrx_word' id='word_1_15' title='bbox 539 1060 634 1126; x_wconf 82' lang='lat' dir='ltr'><strong>reges</strong></span> <span class='ocrx_word' id='word_1_16' title='bbox 648 1061 745 1124; x_wconf 88' lang='lat' dir='ltr'><strong>quam</strong></span> <span class='ocrx_word' id='word_1_17' title='bbox 760 1053 810 1103; x_wconf 99' lang='grc'><strong>25.</strong></span> <span class='ocrx_word' id='word_1_18' title='bbox 824 1059 845 1102; x_wconf 87' lang='lat' dir='ltr'><strong>a</strong></span> <span class='ocrx_word' id='word_1_19' title='bbox 859 1037 985 1102; x_wconf 88' lang='lat' dir='ltr'><strong>nemine</strong></span> <span class='ocrx_word' id='word_1_20' title='bbox 998 1035 1244 1102; x_wconf 88' lang='lat' dir='ltr'><strong>commemorati</strong></span> <span class='ocrx_word' id='word_1_21' title='bbox 1257 1050 1342 1102; x_wconf 80' lang='lat' dir='ltr'><strong>amit.</strong></span> 
     </span>
    </p>

    <p class='ocr_par' dir='ltr' id='par_1_3' title="bbox 413 1121 1552 4098">
     <span class='ocr_line' id='line_1_4' title="bbox 460 1121 1455 1220; baseline 0 -32"><span class='ocrx_word' id='word_1_22' title='bbox 460 1125 496 1188; x_wconf 81' lang='lat' dir='ltr'><strong>P.</strong></span> <span class='ocrx_word' id='word_1_23' title='bbox 512 1131 579 1190; x_wconf 76' lang='lat'>160.</span> <span class='ocrx_word' id='word_1_24' title='bbox 595 1126 616 1189; x_wconf 89' lang='lat' dir='ltr'><strong>l.</strong></span> <span class='ocrx_word' id='word_1_25' title='bbox 628 1131 678 1188; x_wconf 85' lang='lat'><strong>26.</strong></span> <span class='ocrx_word' id='word_1_26' title='bbox 700 1124 891 1189; x_wconf 87' lang='lat' dir='ltr'><strong>Sacerdotes</strong></span> <span class='ocrx_word' id='word_1_27' title='bbox 917 1122 1044 1206; x_wconf 86' lang='lat' dir='ltr'><strong>Camii]</strong></span> <span class='ocrx_word' id='word_1_28' title='bbox 1066 1122 1210 1220; x_wconf 78' lang='lat' dir='ltr'>Scaliger</span> <span class='ocrx_word' id='word_1_29' title='bbox 1230 1121 1398 1188; x_wconf 76' lang='lat' dir='ltr'><strong>Animadv.</strong></span> <span class='ocrx_word' id='word_1_30' title='bbox 1421 1122 1455 1188; x_wconf 79' lang='lat' dir='ltr'><strong>in</strong></span> 
     </span>
     <span class='ocr_line' id='line_1_5' title="bbox 413 1207 1455 1297; baseline -0.004 -22"><span class='ocrx_word' id='word_1_31' title='bbox 413 1208 551 1275; x_wconf 75' lang='lat' dir='ltr'><strong>Eusebii</strong></span> <span class='ocrx_word' id='word_1_32' title='bbox 564 1208 759 1297; x_wconf 76' lang='lat' dir='ltr'><strong>Gkrmtt&#39;cop.</strong></span> <span class='ocrx_word' id='word_1_33' title='bbox 769 1216 809 1274; x_wconf 80' lang='lat'><strong>56</strong></span> <span class='ocrx_word' id='word_1_34' title='bbox 817 1236 824 1275; x_wconf 78' lang='grc' dir='ltr'><strong>ε</strong></span> <span class='ocrx_word' id='word_1_35' title='bbox 848 1217 871 1249; x_wconf 90' lang='grc'><strong>“</strong></span> <span class='ocrx_word' id='word_1_36' title='bbox 882 1210 1059 1274; x_wconf 81' lang='lat' dir='ltr'><strong>Sacerdotes</strong></span> <span class='ocrx_word' id='word_1_37' title='bbox 1072 1207 1189 1272; x_wconf 74' lang='lat' dir='ltr'><strong>Cosmi.</strong></span> <span class='ocrx_word' id='word_1_38' title='bbox 1201 1215 1225 1272; x_wconf 77' lang='grc' dir='ltr'><strong>οἱ</strong></span> <span class='ocrx_word' id='word_1_39' title='bbox 1240 1212 1315 1297; x_wconf 61' lang='lat' dir='ltr'><strong>lapsis</strong></span> <span class='ocrx_word' id='word_1_40' title='bbox 1325 1212 1361 1273; x_wconf 72' lang='grc' dir='ltr'><strong>τῦ</strong></span> <span class='ocrx_word' id='word_1_41' title='bbox 1372 1211 1455 1296; x_wconf 76' lang='grc' dir='ltr'><strong><em>Κιρ-</em></strong></span> 
     </span>
     <span class='ocr_line' id='line_1_6' title="bbox 414 1293 1456 1380; baseline 0.001 -22"><span class='ocrx_word' id='word_1_42' title='bbox 414 1294 535 1360; x_wconf 61' lang='lat' dir='ltr'><strong>“nm.</strong></span> <span class='ocrx_word' id='word_1_43' title='bbox 572 1296 762 1360; x_wconf 85' lang='lat' dir='ltr'><strong>Sacerdotes</strong></span> <span class='ocrx_word' id='word_1_44' title='bbox 778 1296 894 1359; x_wconf 83' lang='lat' dir='ltr'><strong>Kamai</strong></span> <span class='ocrx_word' id='word_1_45' title='bbox 909 1293 1069 1379; x_wconf 78' lang='lat' dir='ltr'>Apollinis</span> <span class='ocrx_word' id='word_1_46' title='bbox 1093 1294 1133 1357; x_wconf 91' lang='lat' dir='ltr'><strong>de</strong></span> <span class='ocrx_word' id='word_1_47' title='bbox 1153 1315 1292 1380; x_wconf 89' lang='lat' dir='ltr'><strong>quorum</strong></span> <span class='ocrx_word' id='word_1_48' title='bbox 1307 1293 1456 1359; x_wconf 84' lang='lat' dir='ltr'><strong>sacerdo·</strong></span> 
     </span>
     <span class='ocr_line' id='line_1_7' title="bbox 414 1379 1458 1468; baseline -0.001 -23"><span class='ocrx_word' id='word_1_49' title='bbox 414 1386 440 1419; x_wconf 87' lang='lat'><strong><em>“</em></strong></span> <span class='ocrx_word' id='word_1_50' title='bbox 454 1379 515 1460; x_wconf 88' lang='lat' dir='ltr'><strong>tio,</strong></span> <span class='ocrx_word' id='word_1_51' title='bbox 528 1380 578 1446; x_wconf 83' lang='lat' dir='ltr'><strong>vel</strong></span> <span class='ocrx_word' id='word_1_52' title='bbox 591 1382 660 1468; x_wconf 62' lang='grc' dir='ltr'><strong>περὶ</strong></span> <span class='ocrx_word' id='word_1_53' title='bbox 675 1380 809 1466; x_wconf 60' lang='lat' dir='ltr'><strong>ltparcius</strong></span> <span class='ocrx_word' id='word_1_54' title='bbox 823 1380 990 1445; x_wconf 63' lang='lat' dir='ltr'><strong>svesamma</strong></span> <span class='ocrx_word' id='word_1_55' title='bbox 1003 1379 1081 1444; x_wconf 87' lang='lat' dir='ltr'><strong>nihil</strong></span> <span class='ocrx_word' id='word_1_56' title='bbox 1097 1379 1236 1466; x_wconf 79' lang='lat' dir='ltr'><strong>legimus</strong></span> <span class='ocrx_word' id='word_1_57' title='bbox 1250 1380 1335 1467; x_wconf 81' lang='lat' dir='ltr'><strong>apud</strong></span> <span class='ocrx_word' id='word_1_58' title='bbox 1351 1379 1458 1445; x_wconf 90' lang='lat' dir='ltr'><strong>ullum·</strong></span> 
     </span>
     <span class='ocr_line' id='line_1_8' title="bbox 415 1465 1454 1554; baseline -0.001 -23"><span class='ocrx_word' id='word_1_59' title='bbox 415 1472 441 1506; x_wconf 88' lang='lat'>“</span> <span class='ocrx_word' id='word_1_60' title='bbox 452 1485 581 1552; x_wconf 80' lang='lat' dir='ltr'><strong>eorrrm,¹</strong></span> <span class='ocrx_word' id='word_1_61' title='bbox 596 1468 654 1554; x_wconf 90' lang='lat' dir='ltr'><strong>qui</strong></span> <span class='ocrx_word' id='word_1_62' title='bbox 673 1466 771 1531; x_wconf 92' lang='lat' dir='ltr'><strong>hodie</strong></span> <span class='ocrx_word' id='word_1_63' title='bbox 786 1480 907 1546; x_wconf 81' lang='lat' dir='ltr'><strong>extant,</strong></span> <span class='ocrx_word' id='word_1_64' title='bbox 922 1467 1123 1551; x_wconf 80' lang='lat' dir='ltr'><strong>scriptorem.</strong></span> <span class='ocrx_word' id='word_1_65' title='bbox 1166 1465 1309 1529; x_wconf 81' lang='lat' dir='ltr'><strong>Nomina</strong></span> <span class='ocrx_word' id='word_1_66' title='bbox 1329 1480 1454 1552; x_wconf 84' lang='lat' dir='ltr'><strong>septem</strong></span> 
     </span>
     <span class='ocr_line' id='line_1_9' title="bbox 414 1549 1456 1702; baseline -0.002 -85"><span class='ocrx_word' id='word_1_67' title='bbox 414 1558 439 1591; x_wconf 87' lang='lat'>“</span> <span class='ocrx_word' id='word_1_68' title='bbox 452 1551 658 1617; x_wconf 72' lang='lat' dir='ltr'><strong>secerdotum</strong></span> <span class='ocrx_word' id='word_1_69' title='bbox 673 1566 843 1702; x_wconf 58' lang='lat' dir='ltr'><strong>supersunt</strong></span> <span class='ocrx_word' id='word_1_70' title='bbox 863 1552 897 1616; x_wconf 93' lang='lat' dir='ltr'><strong>in</strong></span> <span class='ocrx_word' id='word_1_71' title='bbox 919 1553 1085 1637; x_wconf 81' lang='lat' dir='ltr'><strong>Excerptis</strong></span> <span class='ocrx_word' id='word_1_72' title='bbox 1103 1549 1351 1615; x_wconf 88' lang='lat' dir='ltr'><strong>Barbarolatinis</strong></span> <span class='ocrx_word' id='word_1_73' title='bbox 1366 1553 1456 1616; x_wconf 86' lang='lat' dir='ltr'><strong>Afri·</strong></span> 
     </span>
     <span class='ocr_line' id='line_1_10' title="bbox 414 1637 1460 1723; baseline 0.002 -21"><span class='ocrx_word' id='word_1_74' title='bbox 414 1637 671 1721; x_wconf 53' lang='lat' dir='ltr'><strong>“eaui-ss-Hi</strong></span> <span class='ocrx_word' id='word_1_75' title='bbox 721 1637 849 1702; x_wconf 85' lang='lat' dir='ltr'><strong>icuntur</strong></span> <span class='ocrx_word' id='word_1_76' title='bbox 875 1659 1035 1702; x_wconf 87' lang='lat' dir='ltr'><strong>summam</strong></span> <span class='ocrx_word' id='word_1_77' title='bbox 1059 1648 1248 1723; x_wconf 79' lang='lat' dir='ltr'><strong>potestatem</strong></span> <span class='ocrx_word' id='word_1_78' title='bbox 1277 1637 1460 1704; x_wconf 86' lang='lat' dir='ltr'><strong>obtinuisse·</strong></span> 
     </span>
     <span class='ocr_line' id='line_1_11' title="bbox 413 1723 1454 1810; baseline 0.001 -23"><span class='ocrx_word' id='word_1_79' title='bbox 413 1729 439 1764; x_wconf 87' lang='lat'>“</span> <span class='ocrx_word' id='word_1_80' title='bbox 453 1743 557 1788; x_wconf 85' lang='lat' dir='ltr'><strong>annos</strong></span> <span class='ocrx_word' id='word_1_81' title='bbox 574 1739 721 1801; x_wconf 83' lang='lat' dir='ltr'><strong>xxvnr,</strong></span> <span class='ocrx_word' id='word_1_82' title='bbox 737 1723 800 1788; x_wconf 92' lang='lat' dir='ltr'><strong>hoc</strong></span> <span class='ocrx_word' id='word_1_83' title='bbox 814 1736 863 1787; x_wconf 91' lang='lat' dir='ltr'><strong>est</strong></span> <span class='ocrx_word' id='word_1_84' title='bbox 877 1723 983 1788; x_wconf 86' lang='lat' dir='ltr'><strong>minus</strong></span> <span class='ocrx_word' id='word_1_85' title='bbox 999 1723 1151 1810; x_wconf 91' lang='lat' dir='ltr'><strong>quinque,</strong></span> <span class='ocrx_word' id='word_1_86' title='bbox 1167 1745 1265 1809; x_wconf 85' lang='lat' dir='ltr'><strong>quam</strong></span> <span class='ocrx_word' id='word_1_87' title='bbox 1303 1723 1372 1788; x_wconf 90' lang='lat' dir='ltr'><strong>onit</strong></span> <span class='ocrx_word' id='word_1_88' title='bbox 1387 1726 1454 1789; x_wconf 87' lang='lat' dir='ltr'><strong>Eu·</strong></span> 
     </span>
     <span class='ocr_line' id='line_1_12' title="bbox 414 1744 1456 1896; baseline 0.002 -23"><span class='ocrx_word' id='word_1_89' title='bbox 414 1815 439 1848; x_wconf 90' lang='lat'>“</span> <span class='ocrx_word' id='word_1_90' title='bbox 452 1807 575 1874; x_wconf 85' lang='lat' dir='ltr'><strong>sebius.</strong></span> <span class='ocrx_word' id='word_1_91' title='bbox 619 1808 683 1873; x_wconf 88' lang='lat' dir='ltr'><strong>Sed</strong></span> <span class='ocrx_word' id='word_1_92' title='bbox 702 1810 738 1873; x_wconf 82' lang='lat' dir='ltr'><strong>¹in</strong></span> <span class='ocrx_word' id='word_1_93' title='bbox 758 1810 865 1896; x_wconf 89' lang='lat' dir='ltr'><strong>priore</strong></span> <span class='ocrx_word' id='word_1_94' title='bbox 885 1808 969 1873; x_wconf 92' lang='lat' dir='ltr'><strong>libro</strong></span> <span class='ocrx_word' id='word_1_95' title='bbox 990 1830 1030 1872; x_wconf 80' lang='lat' dir='ltr'><strong>err</strong></span> <span class='ocrx_word' id='word_1_96' title='bbox 1053 1808 1231 1896; x_wconf 90' lang='lat' dir='ltr'><strong>Porphyrio</strong></span> <span class='ocrx_word' id='word_1_97' title='bbox 1252 1744 1359 1895; x_wconf 79' lang='lat' dir='ltr'><strong>plirres</strong></span> <span class='ocrx_word' id='word_1_98' title='bbox 1381 1810 1456 1875; x_wconf 90' lang='lat' dir='ltr'><strong>anni</strong></span> 
     </span>
     <span class='ocr_line' id='line_1_13' title="bbox 414 1893 1455 1982; baseline 0.004 -25"><span class='ocrx_word' id='word_1_99' title='bbox 414 1900 438 1957; x_wconf 60' lang='lat'><strong>5⁶</strong></span> <span class='ocrx_word' id='word_1_100' title='bbox 452 1893 688 1982; x_wconf 82' lang='lat' dir='ltr'><strong>colliguntur.”</strong></span> <span class='ocrx_word' id='word_1_101' title='bbox 724 1894 808 1959; x_wconf 82' lang='lat' dir='ltr'><strong>Vide</strong></span> <span class='ocrx_word' id='word_1_102' title='bbox 830 1907 938 1959; x_wconf 86' lang='lat' dir='ltr'><strong>notam</strong></span> <span class='ocrx_word' id='word_1_103' title='bbox 961 1895 1058 1980; x_wconf 88' lang='lat' dir='ltr'><strong>paulo</strong></span> <span class='ocrx_word' id='word_1_104' title='bbox 1079 1894 1180 1971; x_wconf 78' lang='lat' dir='ltr'><strong>infrs3</strong></span> <span class='ocrx_word' id='word_1_105' title='bbox 1205 1894 1348 1959; x_wconf 82' lang='lat' dir='ltr'><strong>Castoris</strong></span> <span class='ocrx_word' id='word_1_106' title='bbox 1368 1896 1455 1961; x_wconf 91' lang='lat' dir='ltr'><strong>enim</strong></span> 
     </span>
     <span class='ocr_line' id='line_1_14' title="bbox 414 1978 1552 2080; baseline 0.003 -36"><span class='ocrx_word' id='word_1_107' title='bbox 414 1978 600 2080; x_wconf 65' lang='lat' dir='ltr'><strong>catalogus</strong></span> <span class='ocrx_word' id='word_1_108' title='bbox 627 1979 797 2058; x_wconf 84' lang='lat' dir='ltr'><strong>indicatur,</strong></span> <span class='ocrx_word' id='word_1_109' title='bbox 846 2002 920 2045; x_wconf 89' lang='lat' dir='ltr'><strong>uem</strong></span> <span class='ocrx_word' id='word_1_110' title='bbox 947 1980 980 2044; x_wconf 92' lang='lat' dir='ltr'><strong>in</strong></span> <span class='ocrx_word' id='word_1_111' title='bbox 1006 1978 1192 2044; x_wconf 80' lang='lat' dir='ltr'><strong>Emebianis</strong></span> <span class='ocrx_word' id='word_1_112' title='bbox 1220 1982 1285 2044; x_wconf 87' lang='lat' dir='ltr'><strong>suis</strong></span> <span class='ocrx_word' id='word_1_113' title='bbox 1312 1981 1458 2068; x_wconf 83' lang='lat' dir='ltr'><strong>Scaliger</strong></span> <span class='ocrx_word' id='word_1_114' title='bbox 1546 2042 1552 2074; x_wconf 45' lang='grc' dir='ltr'><em>Ι</em></span> 
     </span>
     <span class='ocr_line' id='line_1_15' title="bbox 413 2001 1456 2151; baseline 0.003 -21"><span class='ocrx_word' id='word_1_115' title='bbox 413 2080 574 2151; x_wconf 79' lang='lat' dir='ltr'><strong>reposuit.</strong></span> <span class='ocrx_word' id='word_1_116' title='bbox 610 2064 657 2130; x_wconf 94' lang='lat' dir='ltr'><strong>At</strong></span> <span class='ocrx_word' id='word_1_117' title='bbox 672 2087 744 2129; x_wconf 87' lang='lat' dir='ltr'><strong>vero</strong></span> <span class='ocrx_word' id='word_1_118' title='bbox 757 2066 804 2129; x_wconf 88' lang='lat' dir='ltr'><strong>vir</strong></span> <span class='ocrx_word' id='word_1_119' title='bbox 819 2001 859 2129; x_wconf 69' lang='lat' dir='ltr'><strong>bl.</strong></span> <span class='ocrx_word' id='word_1_120' title='bbox 874 2067 1016 2131; x_wconf 83' lang='lat' dir='ltr'><strong>loannes</strong></span> <span class='ocrx_word' id='word_1_121' title='bbox 1038 2066 1244 2130; x_wconf 85' lang='lat' dir='ltr'><strong>Marshamus</strong></span> <span class='ocrx_word' id='word_1_122' title='bbox 1258 2066 1290 2129; x_wconf 94' lang='lat' dir='ltr'><strong>in</strong></span> <span class='ocrx_word' id='word_1_123' title='bbox 1308 2066 1456 2132; x_wconf 71' lang='lat' dir='ltr'><strong>Chronico</strong></span> 
     </span>
     <span class='ocr_line' id='line_1_16' title="bbox 416 2149 1457 2237; baseline 0.002 -21"><span class='ocrx_word' id='word_1_124' title='bbox 416 2152 537 2216; x_wconf 77' lang='lat' dir='ltr'><strong>Canon.</strong></span> <span class='ocrx_word' id='word_1_125' title='bbox 557 2149 600 2215; x_wconf 84' lang='lat' dir='ltr'><strong>ad</strong></span> <span class='ocrx_word' id='word_1_126' title='bbox 623 2152 695 2215; x_wconf 88' lang='lat' dir='ltr'><strong>Sec.</strong></span> <span class='ocrx_word' id='word_1_127' title='bbox 717 2151 784 2216; x_wconf 85' lang='lat' dir='ltr'><strong>xiii.</strong></span> <span class='ocrx_word' id='word_1_128' title='bbox 806 2165 980 2237; x_wconf 85' lang='lat' dir='ltr'><strong>postquam</strong></span> <span class='ocrx_word' id='word_1_129' title='bbox 1002 2173 1043 2215; x_wconf 84' lang='lat' dir='ltr'><strong>ex</strong></span> <span class='ocrx_word' id='word_1_130' title='bbox 1064 2150 1266 2236; x_wconf 86' lang='lat' dir='ltr'><strong>Apollodoro</strong></span> <span class='ocrx_word' id='word_1_131' title='bbox 1288 2151 1345 2215; x_wconf 92' lang='lat' dir='ltr'><strong>lib.</strong></span> <span class='ocrx_word' id='word_1_132' title='bbox 1367 2152 1401 2215; x_wconf 91' lang='lat' dir='ltr'><strong>ii.</strong></span> <span class='ocrx_word' id='word_1_133' title='bbox 1423 2168 1457 2219; x_wconf 92' lang='lat' dir='ltr'><strong>et</strong></span> 
     </span>
     <span class='ocr_line' id='line_1_17' title="bbox 413 2234 1458 2345; baseline 0.002 -45"><span class='ocrx_word' id='word_1_134' title='bbox 413 2237 539 2300; x_wconf 81' lang='lat' dir='ltr'><strong>Euseb.</strong></span> <span class='ocrx_word' id='word_1_135' title='bbox 553 2238 661 2322; x_wconf 84' lang='lat' dir='ltr'><strong>Proep.</strong></span> <span class='ocrx_word' id='word_1_136' title='bbox 677 2236 734 2301; x_wconf 90' lang='lat' dir='ltr'><strong>lib.</strong></span> <span class='ocrx_word' id='word_1_137' title='bbox 748 2261 775 2299; x_wconf 89' lang='lat' dir='ltr'><strong>v.</strong></span> <span class='ocrx_word' id='word_1_138' title='bbox 790 2258 819 2301; x_wconf 92' lang='lat' dir='ltr'><strong>c.</strong></span> <span class='ocrx_word' id='word_1_139' title='bbox 831 2251 880 2301; x_wconf 92' lang='grc' dir='ltr'><strong>2ο.</strong></span> <span class='ocrx_word' id='word_1_140' title='bbox 896 2235 1050 2315; x_wconf 84' lang='lat' dir='ltr'><strong>ostendit,</strong></span> <span class='ocrx_word' id='word_1_141' title='bbox 1065 2234 1208 2300; x_wconf 88' lang='lat' dir='ltr'><strong>Carnum</strong></span> <span class='ocrx_word' id='word_1_142' title='bbox 1229 2248 1334 2300; x_wconf 87' lang='lat' dir='ltr'><strong>vatem</strong></span> <span class='ocrx_word' id='word_1_143' title='bbox 1356 2259 1458 2345; x_wconf 91' lang='lat' dir='ltr'><strong>quen·</strong></span> 
     </span>
     <span class='ocr_line' id='line_1_18' title="bbox 414 2320 1457 2409; baseline 0.003 -23"><span class='ocrx_word' id='word_1_144' title='bbox 414 2320 491 2386; x_wconf 86' lang='lat' dir='ltr'><strong>dam</strong></span> <span class='ocrx_word' id='word_1_145' title='bbox 507 2324 540 2405; x_wconf 88' lang='lat' dir='ltr'><strong>(a</strong></span> <span class='ocrx_word' id='word_1_146' title='bbox 553 2322 647 2408; x_wconf 89' lang='lat' dir='ltr'><strong>cujus</strong></span> <span class='ocrx_word' id='word_1_147' title='bbox 661 2324 758 2386; x_wconf 82' lang='lat' dir='ltr'><strong>sacris</strong></span> <span class='ocrx_word' id='word_1_148' title='bbox 773 2322 959 2408; x_wconf 88' lang='lat' dir='ltr'><strong>Apollinem</strong></span> <span class='ocrx_word' id='word_1_149' title='bbox 975 2335 1085 2386; x_wconf 88' lang='lat' dir='ltr'><strong>censet</strong></span> <span class='ocrx_word' id='word_1_150' title='bbox 1106 2321 1312 2386; x_wconf 87' lang='lat' dir='ltr'><strong>Marshamus</strong></span> <span class='ocrx_word' id='word_1_151' title='bbox 1325 2327 1457 2409; x_wconf 69' lang='lat' dir='ltr'><strong>Kaputa</strong></span> 
     </span>
     <span class='ocr_line' id='line_1_19' title="bbox 414 2407 1455 2493; baseline 0.003 -22"><span class='ocrx_word' id='word_1_152' title='bbox 414 2410 653 2493; x_wconf 87' lang='lat' dir='ltr'><strong>nuncupatum)</strong></span> <span class='ocrx_word' id='word_1_153' title='bbox 669 2409 812 2472; x_wconf 89' lang='lat' dir='ltr'><strong>occisum</strong></span> <span class='ocrx_word' id='word_1_154' title='bbox 829 2407 927 2471; x_wconf 86' lang='lat' dir='ltr'><strong>fuisse</strong></span> <span class='ocrx_word' id='word_1_155' title='bbox 941 2428 960 2471; x_wconf 84' lang='lat' dir='ltr'><strong>a</strong></span> <span class='ocrx_word' id='word_1_156' title='bbox 974 2407 1199 2485; x_wconf 88' lang='lat' dir='ltr'><strong>Doriensibus,</strong></span> <span class='ocrx_word' id='word_1_157' title='bbox 1214 2407 1293 2471; x_wconf 92' lang='lat' dir='ltr'><strong>dum</strong></span> <span class='ocrx_word' id='word_1_158' title='bbox 1309 2409 1455 2474; x_wconf 85' lang='lat' dir='ltr'><strong>Heracli-</strong></span> 
     </span>
     <span class='ocr_line' id='line_1_20' title="bbox 413 2491 1456 2579; baseline 0.002 -22"><span class='ocrx_word' id='word_1_159' title='bbox 413 2491 467 2557; x_wconf 77' lang='lat' dir='ltr'><strong>dae</strong></span> <span class='ocrx_word' id='word_1_160' title='bbox 488 2493 523 2558; x_wconf 88' lang='lat' dir='ltr'><strong>in</strong></span> <span class='ocrx_word' id='word_1_161' title='bbox 537 2493 661 2558; x_wconf 84' lang='lat' dir='ltr'><strong>AEtolis</strong></span> <span class='ocrx_word' id='word_1_162' title='bbox 681 2493 917 2579; x_wconf 87' lang='lat' dir='ltr'><strong>expeditionem</strong></span> <span class='ocrx_word' id='word_1_163' title='bbox 938 2493 1103 2579; x_wconf 86' lang='lat' dir='ltr'><strong>parabant,</strong></span> <span class='ocrx_word' id='word_1_164' title='bbox 1117 2493 1163 2557; x_wconf 87' lang='lat' dir='ltr'><strong>ita</strong></span> <span class='ocrx_word' id='word_1_165' title='bbox 1178 2492 1299 2572; x_wconf 86' lang='lat' dir='ltr'><strong>scribit,</strong></span> <span class='ocrx_word' id='word_1_166' title='bbox 1315 2500 1340 2534; x_wconf 88' lang='lat'><strong>“</strong></span> <span class='ocrx_word' id='word_1_167' title='bbox 1353 2496 1456 2559; x_wconf 84' lang='lat' dir='ltr'><strong>Euse-</strong></span> 
     </span>
     <span class='ocr_line' id='line_1_21' title="bbox 414 2576 1456 2658; baseline 0.003 -16"><span class='ocrx_word' id='word_1_168' title='bbox 414 2584 438 2618; x_wconf 89' lang='lat'>“</span> <span class='ocrx_word' id='word_1_169' title='bbox 453 2578 528 2643; x_wconf 88' lang='lat' dir='ltr'><strong>bins</strong></span> <span class='ocrx_word' id='word_1_170' title='bbox 538 2576 708 2643; x_wconf 75' lang='lat' dir='ltr'><strong>Castorem</strong></span> <span class='ocrx_word' id='word_1_171' title='bbox 719 2592 884 2643; x_wconf 82' lang='lat' dir='ltr'><strong>auctorem</strong></span> <span class='ocrx_word' id='word_1_172' title='bbox 897 2578 1020 2658; x_wconf 84' lang='lat' dir='ltr'><strong>laudat,</strong></span> <span class='ocrx_word' id='word_1_173' title='bbox 1029 2590 1063 2642; x_wconf 90' lang='lat' dir='ltr'><strong>et</strong></span> <span class='ocrx_word' id='word_1_174' title='bbox 1074 2578 1303 2643; x_wconf 77' lang='lat' dir='ltr'><strong>Sacerdotibus</strong></span> <span class='ocrx_word' id='word_1_175' title='bbox 1313 2578 1381 2644; x_wconf 87' lang='lat' dir='ltr'><strong>istis</strong></span> <span class='ocrx_word' id='word_1_176' title='bbox 1394 2580 1456 2645; x_wconf 89' lang='lat' dir='ltr'><strong>ini·</strong></span> 
     </span>
     <span class='ocr_line' id='line_1_22' title="bbox 415 2664 1457 2752; baseline 0.002 -24"><span class='ocrx_word' id='word_1_177' title='bbox 415 2670 439 2704; x_wconf 87' lang='lat'><strong>“</strong></span> <span class='ocrx_word' id='word_1_178' title='bbox 452 2664 537 2730; x_wconf 89' lang='lat' dir='ltr'><strong>tium</strong></span> <span class='ocrx_word' id='word_1_179' title='bbox 550 2664 698 2729; x_wconf 89' lang='lat' dir='ltr'><strong>attribuit</strong></span> <span class='ocrx_word' id='word_1_180' title='bbox 711 2686 795 2728; x_wconf 88' lang='lat' dir='ltr'><strong>anno</strong></span> <span class='ocrx_word' id='word_1_181' title='bbox 808 2680 883 2751; x_wconf 90' lang='lat' dir='ltr'><strong>post</strong></span> <span class='ocrx_word' id='word_1_182' title='bbox 898 2686 1009 2729; x_wconf 88' lang='lat' dir='ltr'><strong>casum</strong></span> <span class='ocrx_word' id='word_1_183' title='bbox 1024 2665 1132 2752; x_wconf 81' lang='lat' dir='ltr'><strong>Trojae</strong></span> <span class='ocrx_word' id='word_1_184' title='bbox 1145 2679 1205 2743; x_wconf 74' lang='lat'><strong>653</strong></span> <span class='ocrx_word' id='word_1_185' title='bbox 1220 2678 1294 2729; x_wconf 89' lang='lat' dir='ltr'><strong>ante</strong></span> <span class='ocrx_word' id='word_1_186' title='bbox 1308 2666 1457 2730; x_wconf 87' lang='lat' dir='ltr'><strong>Heracli·</strong></span> 
     </span>
     <span class='ocr_line' id='line_1_23' title="bbox 414 2747 1456 2840; baseline 0.002 -25"><span class='ocrx_word' id='word_1_187' title='bbox 414 2748 570 2815; x_wconf 85' lang='lat' dir='ltr'><strong>“darum</strong></span> <span class='ocrx_word' id='word_1_188' title='bbox 584 2747 723 2814; x_wconf 87' lang='lat' dir='ltr'><strong>reditum</strong></span> <span class='ocrx_word' id='word_1_189' title='bbox 738 2763 788 2813; x_wconf 90' lang='grc'><strong>25.</strong></span> <span class='ocrx_word' id='word_1_190' title='bbox 832 2749 1030 2815; x_wconf 89' lang='lat' dir='ltr'><strong>Jamdudum</strong></span> <span class='ocrx_word' id='word_1_191' title='bbox 1045 2762 1148 2815; x_wconf 88' lang='lat' dir='ltr'><strong>totam</strong></span> <span class='ocrx_word' id='word_1_192' title='bbox 1163 2749 1388 2840; x_wconf 86' lang='lat' dir='ltr'><strong>Sicyoniorum</strong></span> <span class='ocrx_word' id='word_1_193' title='bbox 1404 2773 1456 2817; x_wconf 81' lang='lat' dir='ltr'><strong>te-</strong></span> 
     </span>
     <span class='ocr_line' id='line_1_24' title="bbox 413 2834 1457 2923; baseline 0.005 -24"><span class='ocrx_word' id='word_1_194' title='bbox 413 2842 533 2923; x_wconf 83' lang='lat' dir='ltr'><strong>“gum</strong></span> <span class='ocrx_word' id='word_1_195' title='bbox 557 2835 671 2900; x_wconf 84' lang='lat' dir='ltr'><strong>seriem</strong></span> <span class='ocrx_word' id='word_1_196' title='bbox 694 2850 874 2922; x_wconf 88' lang='lat' dir='ltr'><strong>suspectam</strong></span> <span class='ocrx_word' id='word_1_197' title='bbox 899 2835 1015 2901; x_wconf 84' lang='lat' dir='ltr'><strong>habeo.</strong></span> <span class='ocrx_word' id='word_1_198' title='bbox 1062 2837 1158 2902; x_wconf 88' lang='lat' dir='ltr'><strong>Primi</strong></span> <span class='ocrx_word' id='word_1_199' title='bbox 1180 2834 1279 2901; x_wconf 88' lang='lat' dir='ltr'><strong>nimia</strong></span> <span class='ocrx_word' id='word_1_200' title='bbox 1300 2850 1457 2904; x_wconf 90' lang='lat' dir='ltr'><strong>vetustate</strong></span> 
     </span>
     <span class='ocr_line' id='line_1_25' title="bbox 415 2921 1458 3010; baseline 0.005 -25"><span class='ocrx_word' id='word_1_201' title='bbox 415 2928 439 2963; x_wconf 89' lang='lat'><strong><em>“</em></strong></span> <span class='ocrx_word' id='word_1_202' title='bbox 453 2934 606 3009; x_wconf 83' lang='lat' dir='ltr'><strong>peccant3</strong></span> <span class='ocrx_word' id='word_1_203' title='bbox 625 2921 723 3005; x_wconf 84' lang='lat' dir='ltr'><strong>medii</strong></span> <span class='ocrx_word' id='word_1_204' title='bbox 737 2923 927 2987; x_wconf 88' lang='lat' dir='ltr'><strong>auctoritate</strong></span> <span class='ocrx_word' id='word_1_205' title='bbox 941 2922 1178 3001; x_wconf 89' lang='lat' dir='ltr'><strong>destituuntur;</strong></span> <span class='ocrx_word' id='word_1_206' title='bbox 1193 2924 1249 3010; x_wconf 90' lang='lat' dir='ltr'><strong>qui</strong></span> <span class='ocrx_word' id='word_1_207' title='bbox 1268 2944 1386 3009; x_wconf 82' lang='lat' dir='ltr'><strong>agmen</strong></span> <span class='ocrx_word' id='word_1_208' title='bbox 1401 2947 1458 2990; x_wconf 90' lang='lat' dir='ltr'><strong>co·</strong></span> 
     </span>
     <span class='ocr_line' id='line_1_26' title="bbox 415 3005 1455 3096; baseline 0.004 -24"><span class='ocrx_word' id='word_1_209' title='bbox 415 3012 439 3049; x_wconf 78' lang='lat'><strong>‘⁴</strong></span> <span class='ocrx_word' id='word_1_210' title='bbox 452 3020 549 3093; x_wconf 78' lang='lat' dir='ltr'><strong>gunt,</strong></span> <span class='ocrx_word' id='word_1_211' title='bbox 558 3005 716 3096; x_wconf 61' lang='grc' dir='ltr'><strong>Ἄρχοντες</strong></span> <span class='ocrx_word' id='word_1_212' title='bbox 724 3009 816 3094; x_wconf 74' lang='grc' dir='ltr'><strong>Ἱερεῖς</strong></span> <span class='ocrx_word' id='word_1_213' title='bbox 824 3015 861 3070; x_wconf 74' lang='grc' dir='ltr'><strong>τῦ</strong></span> <span class='ocrx_word' id='word_1_214' title='bbox 875 3009 1008 3094; x_wconf 71' lang='lat' dir='ltr'><strong>Karpasia,</strong></span> <span class='ocrx_word' id='word_1_215' title='bbox 1021 3008 1201 3073; x_wconf 89' lang='lat' dir='ltr'><strong>indubium</strong></span> <span class='ocrx_word' id='word_1_216' title='bbox 1214 3010 1317 3073; x_wconf 83' lang='lat' dir='ltr'><strong>vocari</strong></span> <span class='ocrx_word' id='word_1_217' title='bbox 1329 3030 1455 3076; x_wconf 84' lang='lat' dir='ltr'><strong>meren-</strong></span> 
     </span>
     <span class='ocr_line' id='line_1_27' title="bbox 414 3092 1456 3185; baseline 0.006 -28"><span class='ocrx_word' id='word_1_218' title='bbox 414 3098 438 3139; x_wconf 77' lang='lat'><strong>‘⁶</strong></span> <span class='ocrx_word' id='word_1_219' title='bbox 452 3105 518 3157; x_wconf 77' lang='lat' dir='ltr'><strong>mr.</strong></span> <span class='ocrx_word' id='word_1_220' title='bbox 560 3092 652 3183; x_wconf 74' lang='lat' dir='ltr'><strong>Quid</strong></span> <span class='ocrx_word' id='word_1_221' title='bbox 666 3093 751 3157; x_wconf 90' lang='lat' dir='ltr'><strong>enim</strong></span> <span class='ocrx_word' id='word_1_222' title='bbox 767 3093 808 3157; x_wconf 86' lang='lat' dir='ltr'><strong>ad</strong></span> <span class='ocrx_word' id='word_1_223' title='bbox 824 3093 994 3181; x_wconf 85' lang='lat' dir='ltr'><strong>Sicyonios</strong></span> <span class='ocrx_word' id='word_1_224' title='bbox 1005 3093 1141 3180; x_wconf 76' lang='lat' dir='ltr'><strong>‘laparrla</strong></span> <span class='ocrx_word' id='word_1_225' title='bbox 1156 3095 1342 3160; x_wconf 87' lang='lat' dir='ltr'><strong>Doriensis?</strong></span> <span class='ocrx_word' id='word_1_226' title='bbox 1366 3096 1456 3185; x_wconf 74' lang='lat' dir='ltr'><strong>Quid</strong></span> 
     </span>
     <span class='ocr_line' id='line_1_28' title="bbox 415 3176 1456 3263; baseline 0.004 -20"><span class='ocrx_word' id='word_1_227' title='bbox 415 3184 440 3219; x_wconf 90' lang='lat'>“</span> <span class='ocrx_word' id='word_1_228' title='bbox 452 3176 496 3243; x_wconf 83' lang='lat' dir='ltr'><strong>sd</strong></span> <span class='ocrx_word' id='word_1_229' title='bbox 510 3177 655 3243; x_wconf 85' lang='lat' dir='ltr'><strong>Carnum</strong></span> <span class='ocrx_word' id='word_1_230' title='bbox 675 3179 782 3244; x_wconf 89' lang='lat' dir='ltr'><strong>cultus</strong></span> <span class='ocrx_word' id='word_1_231' title='bbox 801 3179 937 3257; x_wconf 88' lang='lat' dir='ltr'><strong>divinus,</strong></span> <span class='ocrx_word' id='word_1_232' title='bbox 951 3178 1030 3244; x_wconf 89' lang='lat' dir='ltr'><strong>dum</strong></span> <span class='ocrx_word' id='word_1_233' title='bbox 1052 3180 1079 3243; x_wconf 92' lang='lat' dir='ltr'><strong>is</strong></span> <span class='ocrx_word' id='word_1_234' title='bbox 1096 3178 1202 3243; x_wconf 88' lang='lat' dir='ltr'><strong>adbuc</strong></span> <span class='ocrx_word' id='word_1_235' title='bbox 1225 3179 1257 3243; x_wconf 92' lang='lat' dir='ltr'><strong>in</strong></span> <span class='ocrx_word' id='word_1_236' title='bbox 1279 3180 1355 3245; x_wconf 89' lang='lat' dir='ltr'><strong>vivis</strong></span> <span class='ocrx_word' id='word_1_237' title='bbox 1376 3196 1456 3263; x_wconf 83' lang='lat' dir='ltr'><strong>erat,</strong></span> 
     </span>
     <span class='ocr_line' id='line_1_29' title="bbox 414 3262 1454 3351; baseline 0.002 -22"><span class='ocrx_word' id='word_1_238' title='bbox 414 3270 438 3305; x_wconf 89' lang='lat'><strong><em>“</em></strong></span> <span class='ocrx_word' id='word_1_239' title='bbox 451 3276 487 3329; x_wconf 84' lang='lat' dir='ltr'><strong>et</strong></span> <span class='ocrx_word' id='word_1_240' title='bbox 499 3264 683 3329; x_wconf 82' lang='lat' dir='ltr'><strong>Heraclidis</strong></span> <span class='ocrx_word' id='word_1_241' title='bbox 698 3265 848 3350; x_wconf 82' lang='lat' dir='ltr'><strong>ignotus?</strong></span> <span class='ocrx_word' id='word_1_242' title='bbox 884 3262 973 3351; x_wconf 73' lang='lat' dir='ltr'><strong>Quid</strong></span> <span class='ocrx_word' id='word_1_243' title='bbox 989 3264 1030 3328; x_wconf 84' lang='lat' dir='ltr'><strong>sd</strong></span> <span class='ocrx_word' id='word_1_244' title='bbox 1042 3263 1228 3350; x_wconf 90' lang='lat' dir='ltr'><strong>Apollinem</strong></span> <span class='ocrx_word' id='word_1_245' title='bbox 1245 3266 1379 3349; x_wconf 77' lang='grc' dir='ltr'><strong>Καρνείου</strong></span> <span class='ocrx_word' id='word_1_246' title='bbox 1393 3290 1454 3331; x_wconf 90' lang='lat' dir='ltr'><strong>no·</strong></span> 
     </span>
     <span class='ocr_line' id='line_1_30' title="bbox 414 3348 1455 3437; baseline 0.003 -22"><span class='ocrx_word' id='word_1_247' title='bbox 414 3355 439 3389; x_wconf 87' lang='lat'>“</span> <span class='ocrx_word' id='word_1_248' title='bbox 452 3369 541 3427; x_wconf 88' lang='lat' dir='ltr'><strong>men,</strong></span> <span class='ocrx_word' id='word_1_249' title='bbox 562 3370 639 3415; x_wconf 87' lang='lat' dir='ltr'><strong>eum</strong></span> <span class='ocrx_word' id='word_1_250' title='bbox 661 3351 785 3436; x_wconf 76' lang='grc' dir='ltr'><strong>Κάρνεια</strong></span> <span class='ocrx_word' id='word_1_251' title='bbox 806 3349 950 3415; x_wconf 90' lang='lat' dir='ltr'><strong>nondum</strong></span> <span class='ocrx_word' id='word_1_252' title='bbox 971 3363 1078 3414; x_wconf 81' lang='lat' dir='ltr'><strong>essent</strong></span> <span class='ocrx_word' id='word_1_253' title='bbox 1100 3348 1303 3413; x_wconf 81' lang='lat' dir='ltr'><strong>celebratal&#39;’</strong></span> <span class='ocrx_word' id='word_1_254' title='bbox 1329 3371 1362 3437; x_wconf 88' lang='lat' dir='ltr'><strong>p.</strong></span> <span class='ocrx_word' id='word_1_255' title='bbox 1384 3359 1455 3418; x_wconf 84' lang='grc'><strong>336.</strong></span> 
     </span>
     <span class='ocr_line' id='line_1_31' title="bbox 415 3434 1455 3523; baseline 0.004 -24"><span class='ocrx_word' id='word_1_256' title='bbox 415 3435 603 3500; x_wconf 80' lang='lat' dir='ltr'><strong>Perizonius</strong></span> <span class='ocrx_word' id='word_1_257' title='bbox 623 3449 731 3500; x_wconf 83' lang='lat' dir='ltr'><strong>autem</strong></span> <span class='ocrx_word' id='word_1_258' title='bbox 746 3437 886 3523; x_wconf 74' lang='lat' dir='ltr'><strong>AEgypt.</strong></span> <span class='ocrx_word' id='word_1_259' title='bbox 905 3434 995 3523; x_wconf 75' lang='lat' dir='ltr'><strong>Orig.</strong></span> <span class='ocrx_word' id='word_1_260' title='bbox 1010 3456 1040 3500; x_wconf 90' lang='lat' dir='ltr'><strong>c.</strong></span> <span class='ocrx_word' id='word_1_261' title='bbox 1054 3434 1099 3500; x_wconf 86' lang='lat' dir='ltr'><strong>iii.</strong></span> <span class='ocrx_word' id='word_1_262' title='bbox 1114 3455 1147 3520; x_wconf 93' lang='lat' dir='ltr'><strong>p.</strong></span> <span class='ocrx_word' id='word_1_263' title='bbox 1158 3449 1209 3500; x_wconf 84' lang='grc'><strong>35.</strong></span> <span class='ocrx_word' id='word_1_264' title='bbox 1230 3435 1455 3503; x_wconf 86' lang='lat' dir='ltr'><strong>Marshamum</strong></span> 
     </span>
     <span class='ocr_line' id='line_1_32' title="bbox 413 3520 1456 3620; baseline 0.003 -35"><span class='ocrx_word' id='word_1_265' title='bbox 413 3520 511 3620; x_wconf 87' lang='lat' dir='ltr'><strong>plane</strong></span> <span class='ocrx_word' id='word_1_266' title='bbox 524 3520 693 3607; x_wconf 85' lang='lat' dir='ltr'><strong>repudiare</strong></span> <span class='ocrx_word' id='word_1_267' title='bbox 706 3521 751 3585; x_wconf 85' lang='lat' dir='ltr'><strong>ait</strong></span> <span class='ocrx_word' id='word_1_268' title='bbox 766 3543 881 3607; x_wconf 83' lang='lat' dir='ltr'><strong>regum</strong></span> <span class='ocrx_word' id='word_1_269' title='bbox 898 3520 1123 3609; x_wconf 88' lang='lat' dir='ltr'><strong>Sicyoniorum</strong></span> <span class='ocrx_word' id='word_1_270' title='bbox 1139 3520 1265 3600; x_wconf 85' lang='lat' dir='ltr'><strong>seriem,</strong></span> <span class='ocrx_word' id='word_1_271' title='bbox 1277 3521 1336 3586; x_wconf 88' lang='lat' dir='ltr'><strong>sed</strong></span> <span class='ocrx_word' id='word_1_272' title='bbox 1351 3545 1456 3611; x_wconf 89' lang='lat' dir='ltr'><strong>neque</strong></span> 
     </span>
     <span class='ocr_line' id='line_1_33' title="bbox 413 3605 1456 3693; baseline 0.004 -22"><span class='ocrx_word' id='word_1_273' title='bbox 413 3605 498 3671; x_wconf 79' lang='lat' dir='ltr'><strong>illud</strong></span> <span class='ocrx_word' id='word_1_274' title='bbox 512 3618 612 3687; x_wconf 86' lang='lat' dir='ltr'><strong>recte,</strong></span> <span class='ocrx_word' id='word_1_275' title='bbox 627 3629 726 3693; x_wconf 90' lang='lat' dir='ltr'><strong>quum</strong></span> <span class='ocrx_word' id='word_1_276' title='bbox 744 3607 906 3671; x_wconf 86' lang='lat' dir='ltr'><strong>debuisset</strong></span> <span class='ocrx_word' id='word_1_277' title='bbox 926 3606 1035 3693; x_wconf 90' lang='lat' dir='ltr'><strong>potius</strong></span> <span class='ocrx_word' id='word_1_278' title='bbox 1056 3605 1097 3671; x_wconf 86' lang='lat' dir='ltr'><strong>ad</strong></span> <span class='ocrx_word' id='word_1_279' title='bbox 1120 3605 1239 3671; x_wconf 84' lang='lat' dir='ltr'><strong>seriora</strong></span> <span class='ocrx_word' id='word_1_280' title='bbox 1252 3629 1322 3671; x_wconf 88' lang='lat' dir='ltr'><strong>eam</strong></span> <span class='ocrx_word' id='word_1_281' title='bbox 1340 3609 1456 3675; x_wconf 83' lang='lat' dir='ltr'><strong>referre</strong></span> 
     </span>
     <span class='ocr_line' id='line_1_34' title="bbox 414 3691 1455 3778; baseline 0.003 -21"><span class='ocrx_word' id='word_1_282' title='bbox 414 3708 576 3778; x_wconf 82' lang='lat' dir='ltr'><strong>tempora.</strong></span> <span class='ocrx_word' id='word_1_283' title='bbox 621 3695 670 3756; x_wconf 86' lang='lat' dir='ltr'><strong>lta</strong></span> <span class='ocrx_word' id='word_1_284' title='bbox 690 3692 755 3756; x_wconf 91' lang='lat' dir='ltr'><strong>ille.</strong></span> <span class='ocrx_word' id='word_1_285' title='bbox 800 3691 985 3757; x_wconf 91' lang='lat' dir='ltr'><strong>Secundum</strong></span> <span class='ocrx_word' id='word_1_286' title='bbox 999 3691 1144 3758; x_wconf 85' lang='lat' dir='ltr'><strong>Africani</strong></span> <span class='ocrx_word' id='word_1_287' title='bbox 1158 3692 1287 3778; x_wconf 91' lang='lat' dir='ltr'><strong>quidem</strong></span> <span class='ocrx_word' id='word_1_288' title='bbox 1303 3695 1455 3776; x_wconf 85' lang='lat' dir='ltr'><strong>rationes,</strong></span> 
     </span>
     <span class='ocr_line' id='line_1_35' title="bbox 414 3776 1456 3878; baseline 0.004 -36"><span class='ocrx_word' id='word_1_289' title='bbox 414 3776 473 3865; x_wconf 91' lang='lat' dir='ltr'><strong>qui</strong></span> <span class='ocrx_word' id='word_1_290' title='bbox 487 3799 588 3841; x_wconf 87' lang='lat' dir='ltr'><strong>annos</strong></span> <span class='ocrx_word' id='word_1_291' title='bbox 601 3791 671 3842; x_wconf 87' lang='grc'><strong>355.</strong></span> <span class='ocrx_word' id='word_1_292' title='bbox 688 3792 761 3843; x_wconf 85' lang='lat' dir='ltr'><strong>ante</strong></span> <span class='ocrx_word' id='word_1_293' title='bbox 779 3777 1008 3878; x_wconf 78' lang='lat' dir='ltr'><strong>Olympiadem</strong></span> <span class='ocrx_word' id='word_1_294' title='bbox 1028 3777 1165 3864; x_wconf 85' lang='lat' dir='ltr'><strong>primam</strong></span> <span class='ocrx_word' id='word_1_295' title='bbox 1189 3778 1382 3846; x_wconf 87' lang='lat' dir='ltr'><strong>constitutos</strong></span> <span class='ocrx_word' id='word_1_296' title='bbox 1404 3780 1456 3845; x_wconf 81' lang='lat' dir='ltr'><strong>fir-</strong></span> 
     </span>
     <span class='ocr_line' id='line_1_36' title="bbox 413 3860 1456 3950; baseline 0.003 -22"><span class='ocrx_word' id='word_1_297' title='bbox 413 3862 479 3928; x_wconf 85' lang='lat' dir='ltr'><strong>isse</strong></span> <span class='ocrx_word' id='word_1_298' title='bbox 504 3860 602 3927; x_wconf 86' lang='lat' dir='ltr'><strong>tradit</strong></span> <span class='ocrx_word' id='word_1_299' title='bbox 624 3864 805 3928; x_wconf 85' lang='lat' dir='ltr'><strong>sacerdotes</strong></span> <span class='ocrx_word' id='word_1_300' title='bbox 825 3877 916 3943; x_wconf 76' lang='lat' dir='ltr'><strong>istos,</strong></span> <span class='ocrx_word' id='word_1_301' title='bbox 938 3863 972 3928; x_wconf 93' lang='lat' dir='ltr'><strong>hi</strong></span> <span class='ocrx_word' id='word_1_302' title='bbox 995 3862 1105 3928; x_wconf 87' lang='lat' dir='ltr'><strong>Camii</strong></span> <span class='ocrx_word' id='word_1_303' title='bbox 1127 3864 1252 3950; x_wconf 84' lang='lat' dir='ltr'><strong>aliquot</strong></span> <span class='ocrx_word' id='word_1_304' title='bbox 1270 3865 1360 3929; x_wconf 87' lang='lat' dir='ltr'><strong>annis</strong></span> <span class='ocrx_word' id='word_1_305' title='bbox 1381 3880 1456 3931; x_wconf 88' lang='lat' dir='ltr'><strong>ante</strong></span> 
     </span>
     <span class='ocr_line' id='line_1_37' title="bbox 414 3947 1455 4098; baseline 0.004 -85"><span class='ocrx_word' id='word_1_306' title='bbox 414 3947 665 4098; x_wconf 54' lang='lat' dir='ltr'><strong>Heraglidarum</strong></span> <span class='ocrx_word' id='word_1_307' title='bbox 686 3949 816 4013; x_wconf 93' lang='lat' dir='ltr'><strong>illorum</strong></span> <span class='ocrx_word' id='word_1_308' title='bbox 836 3948 1024 4014; x_wconf 85' lang='lat' dir='ltr'><strong>descensum</strong></span> <span class='ocrx_word' id='word_1_309' title='bbox 1040 3949 1239 4035; x_wconf 89' lang='lat' dir='ltr'><strong>inceperunt,</strong></span> <span class='ocrx_word' id='word_1_310' title='bbox 1255 3949 1339 4016; x_wconf 90' lang='lat' dir='ltr'><strong>sicut</strong></span> <span class='ocrx_word' id='word_1_311' title='bbox 1353 3965 1455 4018; x_wconf 84' lang='lat' dir='ltr'><strong>statu·</strong></span> 
     </span>
     <span class='ocr_line' id='line_1_38' title="bbox 413 4045 629 4098; baseline -0.009 0"><span class='ocrx_word' id='word_1_312' title='bbox 413 4045 485 4098; x_wconf 86' lang='lat' dir='ltr'><strong>erat</strong></span> <span class='ocrx_word' id='word_1_313' title='bbox 530 4045 629 4098; x_wconf 83' lang='lat' dir='ltr'><strong>astor.</strong></span> 
     </span>
    </p>

    <p class='ocr_par' dir='ltr' id='par_1_4' title="bbox 413 4118 1521 4809">
     <span class='ocr_line' id='line_1_39' title="bbox 460 4118 1456 4206; baseline 0.006 -23"><span class='ocrx_word' id='word_1_314' title='bbox 460 4118 546 4183; x_wconf 85' lang='lat' dir='ltr'><strong>lbid.</strong></span> <span class='ocrx_word' id='word_1_315' title='bbox 567 4140 642 4183; x_wconf 89' lang='lat' dir='ltr'><strong>ann.</strong></span> <span class='ocrx_word' id='word_1_316' title='bbox 658 4119 818 4203; x_wconf 71' lang='lat' dir='ltr'><strong>xxviia]</strong></span> <span class='ocrx_word' id='word_1_317' title='bbox 834 4120 948 4184; x_wconf 87' lang='lat' dir='ltr'><strong>Annos</strong></span> <span class='ocrx_word' id='word_1_318' title='bbox 962 4132 1087 4185; x_wconf 74' lang='lat' dir='ltr'><strong>mutum</strong></span> <span class='ocrx_word' id='word_1_319' title='bbox 1106 4139 1169 4184; x_wconf 89' lang='lat' dir='ltr'><strong>xv.</strong></span> <span class='ocrx_word' id='word_1_320' title='bbox 1190 4119 1224 4184; x_wconf 92' lang='lat' dir='ltr'><strong>in</strong></span> <span class='ocrx_word' id='word_1_321' title='bbox 1247 4121 1456 4206; x_wconf 88' lang='lat' dir='ltr'><strong>sequentibus</strong></span> 
     </span>
     <span class='ocr_line' id='line_1_40' title="bbox 413 4204 1457 4291; baseline 0.005 -21"><span class='ocrx_word' id='word_1_322' title='bbox 413 4204 529 4271; x_wconf 87' lang='lat' dir='ltr'><strong>vitiose</strong></span> <span class='ocrx_word' id='word_1_323' title='bbox 544 4204 689 4290; x_wconf 83' lang='lat' dir='ltr'><strong>signatos</strong></span> <span class='ocrx_word' id='word_1_324' title='bbox 701 4204 839 4269; x_wconf 88' lang='lat' dir='ltr'><strong>invenies</strong></span> <span class='ocrx_word' id='word_1_325' title='bbox 851 4228 862 4284; x_wconf 90' lang='lat'>;</span> <span class='ocrx_word' id='word_1_326' title='bbox 883 4205 932 4269; x_wconf 83' lang='lat' dir='ltr'><strong>oin</strong></span> <span class='ocrx_word' id='word_1_327' title='bbox 946 4225 1019 4270; x_wconf 90' lang='lat' dir='ltr'><strong>vero</strong></span> <span class='ocrx_word' id='word_1_328' title='bbox 1032 4225 1132 4271; x_wconf 87' lang='lat' dir='ltr'><strong>annos</strong></span> <span class='ocrx_word' id='word_1_329' title='bbox 1145 4226 1259 4291; x_wconf 82' lang='lat' dir='ltr'><strong>regum</strong></span> <span class='ocrx_word' id='word_1_330' title='bbox 1273 4219 1345 4287; x_wconf 81' lang='lat'><strong>981,</strong></span> <span class='ocrx_word' id='word_1_331' title='bbox 1359 4207 1457 4275; x_wconf 89' lang='lat' dir='ltr'><strong>simul</strong></span> 
     </span>
     <span class='ocr_line' id='line_1_41' title="bbox 414 4289 1521 4380; baseline 0.004 -25"><span class='ocrx_word' id='word_1_332' title='bbox 414 4301 514 4378; x_wconf 85' lang='lat' dir='ltr'><strong>atque</strong></span> <span class='ocrx_word' id='word_1_333' title='bbox 530 4311 631 4355; x_wconf 88' lang='lat' dir='ltr'><strong>annos</strong></span> <span class='ocrx_word' id='word_1_334' title='bbox 645 4305 715 4370; x_wconf 79' lang='lat'><strong>329,</strong></span> <span class='ocrx_word' id='word_1_335' title='bbox 730 4289 794 4354; x_wconf 91' lang='lat' dir='ltr'><strong>hoc</strong></span> <span class='ocrx_word' id='word_1_336' title='bbox 806 4303 856 4356; x_wconf 89' lang='lat' dir='ltr'><strong>est</strong></span> <span class='ocrx_word' id='word_1_337' title='bbox 869 4291 1023 4377; x_wconf 88' lang='lat' dir='ltr'><strong>temporis</strong></span> <span class='ocrx_word' id='word_1_338' title='bbox 1038 4290 1177 4379; x_wconf 89' lang='lat' dir='ltr'><strong>spatium</strong></span> <span class='ocrx_word' id='word_1_339' title='bbox 1193 4291 1286 4358; x_wconf 89' lang='lat' dir='ltr'><strong>initio</strong></span> <span class='ocrx_word' id='word_1_340' title='bbox 1305 4293 1457 4380; x_wconf 85' lang='lat' dir='ltr'><strong>Excerpti</strong></span> <span class='ocrx_word' id='word_1_341' title='bbox 1516 4301 1521 4310; x_wconf 85' lang='lat'><em>&#39;</em></span> 
     </span>
     <span class='ocr_line' id='line_1_42' title="bbox 414 4375 1500 4466; baseline 0.006 -25"><span class='ocrx_word' id='word_1_342' title='bbox 414 4388 646 4455; x_wconf 88' lang='lat' dir='ltr'><strong>memoratum,</strong></span> <span class='ocrx_word' id='word_1_343' title='bbox 672 4376 712 4442; x_wconf 80' lang='lat' dir='ltr'><strong>ed</strong></span> <span class='ocrx_word' id='word_1_344' title='bbox 736 4397 840 4463; x_wconf 86' lang='lat' dir='ltr'><strong>usquc</strong></span> <span class='ocrx_word' id='word_1_345' title='bbox 864 4375 1089 4465; x_wconf 85' lang='lat' dir='ltr'><strong>Olympiadas,</strong></span> <span class='ocrx_word' id='word_1_346' title='bbox 1158 4388 1284 4465; x_wconf 88' lang='lat' dir='ltr'><strong>stquam</strong></span> <span class='ocrx_word' id='word_1_347' title='bbox 1311 4378 1457 4466; x_wconf 90' lang='lat' dir='ltr'><strong>Sicyonii</strong></span> <span class='ocrx_word' id='word_1_348' title='bbox 1498 4443 1500 4447; x_wconf 87' lang='lat'>.</span> 
     </span>
     <span class='ocr_line' id='line_1_43' title="bbox 415 4398 1458 4562; baseline 0.003 -37"><span class='ocrx_word' id='word_1_349' title='bbox 415 4460 619 4540; x_wconf 83' lang='lat' dir='ltr'><strong>defecissent,</strong></span> <span class='ocrx_word' id='word_1_350' title='bbox 638 4484 659 4526; x_wconf 84' lang='lat' dir='ltr'><strong>a</strong></span> <span class='ocrx_word' id='word_1_351' title='bbox 679 4475 751 4527; x_wconf 89' lang='lat' dir='ltr'><strong>tota</strong></span> <span class='ocrx_word' id='word_1_352' title='bbox 772 4483 899 4527; x_wconf 90' lang='lat' dir='ltr'><strong>summa</strong></span> <span class='ocrx_word' id='word_1_353' title='bbox 919 4484 1078 4528; x_wconf 83' lang='lat' dir='ltr'><strong>annorum</strong></span> <span class='ocrx_word' id='word_1_354' title='bbox 1099 4398 1280 4543; x_wconf 37' lang='lat' dir='ltr'><strong>induxeris,</strong></span> <span class='ocrx_word' id='word_1_355' title='bbox 1302 4486 1376 4562; x_wconf 83' lang='lat' dir='ltr'><strong>quae</strong></span> <span class='ocrx_word' id='word_1_356' title='bbox 1395 4462 1458 4528; x_wconf 90' lang='lat' dir='ltr'><strong>ibi·</strong></span> 
     </span>
     <span class='ocr_line' id='line_1_44' title="bbox 414 4544 1465 4634; baseline -0.002 -23"><span class='ocrx_word' id='word_1_357' title='bbox 414 4544 492 4612; x_wconf 87' lang='lat' dir='ltr'><strong>dem</strong></span> <span class='ocrx_word' id='word_1_358' title='bbox 515 4569 646 4634; x_wconf 87' lang='lat' dir='ltr'><strong>quoque</strong></span> <span class='ocrx_word' id='word_1_359' title='bbox 670 4560 849 4613; x_wconf 83' lang='lat' dir='ltr'><strong>memorata</strong></span> <span class='ocrx_word' id='word_1_360' title='bbox 868 4560 930 4627; x_wconf 84' lang='lat' dir='ltr'><strong>est,</strong></span> <span class='ocrx_word' id='word_1_361' title='bbox 955 4554 1042 4626; x_wconf 83' lang='grc'><strong>1336,</strong></span> <span class='ocrx_word' id='word_1_362' title='bbox 1064 4548 1231 4613; x_wconf 81' lang='lat' dir='ltr'><strong>restabunt</strong></span> <span class='ocrx_word' id='word_1_363' title='bbox 1250 4570 1325 4612; x_wconf 84' lang='lat' dir='ltr'><strong>anm</strong></span> <span class='ocrx_word' id='word_1_364' title='bbox 1345 4567 1465 4618; x_wconf 74' lang='lat' dir='ltr'><strong>xxm..</strong></span> 
     </span>
     <span class='ocr_line' id='line_1_45' title="bbox 414 4632 1457 4720; baseline 0.004 -23"><span class='ocrx_word' id='word_1_365' title='bbox 414 4632 479 4698; x_wconf 86' lang='lat' dir='ltr'><strong>His</strong></span> <span class='ocrx_word' id='word_1_366' title='bbox 500 4645 610 4699; x_wconf 90' lang='lat' dir='ltr'><strong>autem</strong></span> <span class='ocrx_word' id='word_1_367' title='bbox 633 4633 862 4701; x_wconf 86' lang='lat' dir='ltr'><strong>Sacerdotibus</strong></span> <span class='ocrx_word' id='word_1_368' title='bbox 885 4632 1003 4700; x_wconf 84' lang='lat' dir='ltr'><strong>Castor</strong></span> <span class='ocrx_word' id='word_1_369' title='bbox 1023 4655 1098 4699; x_wconf 91' lang='lat' dir='ltr'><strong>cum</strong></span> <span class='ocrx_word' id='word_1_370' title='bbox 1117 4633 1205 4720; x_wconf 85' lang='lat' dir='ltr'><strong>apud</strong></span> <span class='ocrx_word' id='word_1_371' title='bbox 1225 4632 1401 4700; x_wconf 86' lang='lat' dir='ltr'><strong>Eusebium</strong></span> <span class='ocrx_word' id='word_1_372' title='bbox 1423 4635 1457 4700; x_wconf 90' lang='lat' dir='ltr'><strong>in</strong></span> 
     </span>
     <span class='ocr_line' id='line_1_46' title="bbox 417 4717 1460 4809; baseline 0.001 -25"><span class='ocrx_word' id='word_1_373' title='bbox 417 4717 581 4800; x_wconf 71' lang='lat' dir='ltr'><strong>Chronico,</strong></span> <span class='ocrx_word' id='word_1_374' title='bbox 603 4732 675 4785; x_wconf 91' lang='lat' dir='ltr'><strong>tum</strong></span> <span class='ocrx_word' id='word_1_375' title='bbox 700 4720 788 4807; x_wconf 85' lang='lat' dir='ltr'><strong>apud</strong></span> <span class='ocrx_word' id='word_1_376' title='bbox 808 4718 988 4808; x_wconf 73' lang='lat' dir='ltr'><strong>syncellum</strong></span> <span class='ocrx_word' id='word_1_377' title='bbox 1010 4719 1054 4787; x_wconf 88' lang='lat' dir='ltr'><strong>sd</strong></span> <span class='ocrx_word' id='word_1_378' title='bbox 1076 4740 1109 4808; x_wconf 85' lang='lat' dir='ltr'><strong>p.</strong></span> <span class='ocrx_word' id='word_1_379' title='bbox 1128 4731 1180 4800; x_wconf 71' lang='lat'><strong>97.</strong></span> <span class='ocrx_word' id='word_1_380' title='bbox 1201 4739 1359 4785; x_wconf 77' lang='lat' dir='ltr'><strong>annonam</strong></span> <span class='ocrx_word' id='word_1_381' title='bbox 1379 4741 1460 4809; x_wconf 79' lang='lat' dir='ltr'><strong>spa-</strong></span> 
     </span>
    </p>

    <p class='ocr_par' dir='ltr' id='par_1_5' title="bbox 909 4816 965 4870">
     <span class='ocr_line' id='line_1_47' title="bbox 909 4816 965 4870; baseline 0.036 -2"><span class='ocrx_word' id='word_1_382' title='bbox 909 4816 965 4870; x_wconf 78' lang='lat'><strong>1⁴</strong></span> 
     </span>
    </p>
   </div>
   <div class='ocr_carea' id='block_1_3' title="bbox 0 0 2053 5675">
    <p class='ocr_par' dir='ltr' id='par_1_6' title="bbox 0 0 2053 5675">
     <span class='ocr_line' id='line_1_48' title="bbox 0 0 2053 5675; baseline 0 0"><span class='ocrx_word' id='word_1_383' title='bbox 0 0 2053 5675; x_wconf 95' lang='lat' dir='ltr'><strong> </strong></span> 
     </span>
    </p>
   </div>
  </div>
 </body>
</html>
