4092 5675
667 772 719 840 ru
740 772 971 839 sruoouu
994 757 1356 840 surrocusuau.
1465 791 1529 861 509

540 945 574 1011 P.
583 959 654 1011 483.
669 946 692 1011 Ι.
707 960 736 1009 8.
758 943 828 1008 οὕτω
849 944 876 1006 bi
896 947 944 1022 τὴν
964 942 1107 1030 τυραννίδα
1126 942 1170 1020 καὶ
1191 943 1331 1017 δυναςεῖαν
1348 947 1420 1007 arisi
1437 944 1529 1026 wepd-

495 1027 604 1116 denar]
622 1030 690 1096 stira
704 1032 730 1093 δὲ
745 1035 791 1108 τὴν
806 1028 944 1102 δυναςείαν
960 1033 1043 1093 αὐτοῦ
1058 1028 1213 1109 ονεφόὸητυυ
1227 1032 1248 1116 a]
1263 1034 1311 1108 τὴν
1326 1030 1466 1114 τυραννίδα
1482 1030 1530 1096 ed.

497 1118 605 1203 Steplr.
640 1120 764 1183 Nostra
783 1116 879 1179 lectio
901 1127 989 1178 extat
1006 1116 1039 1179 iu
1053 1116 1091 1178 Ν
1092 1115 1187 1199 iceplr.
1204 1114 1339 1201 Syncell.
1356 1115 1530 1201 Christopls.

494 1203 599 1267 Lectt.
615 1219 648 1267 et
668 1203 716 1265 ed.
736 1200 858 1264 Valesii.
890 1223 967 1264 mox
988 1203 1022 1273 ὠς
1044 1201 1186 1287 εἰρήκαμεν
1207 1199 1338 1286 Niceph.
1361 1203 1531 1266 Sanora.

497 1288 642 1353 Firmant
661 1309 791 1373 quoque
812 1286 933 1350 Valesii
955 1287 1124 1350 lectionem
1148 1287 1249 1351 MSS.
1271 1287 1364 1351 Bodl.
1385 1303 1418 1351 et
1438 1286 1531 1374 Norf.

495 1375 558 1439 etsi
573 1376 605 1439 in
620 1374 696 1437 MS.
712 1371 803 1436 Bodl.
820 1371 930 1436 addita
944 1385 992 1435 est
1008 1371 1164 1457 particula
1177 1400 1199 1457 ’5
1215 1388 1288 1436 aute
1301 1377 1348 1450 τὴν
1361 1373 1517 1459 τυραννίδα.

542 1459 627 1524 lbid.
643 1460 664 1522 l.
680 1474 726 1523 10.
749 1461 794 1521 τὸν
808 1456 905 1543 ἄνδρα]
922 1459 967 1522 τὸν
981 1459 1073 1521 abest
1088 1480 1107 1521 a
1121 1459 1198 1522 MS.
1214 1457 1353 1545 Norfalc.

542 1545 625 1609 Ibid.
639 1546 661 1609 l.
677 1560 724 1609 12.
747 1544 966 1629 ἐξορχησάμενον
986 1546 1017 1606 τὸ
1035 1544 1175 1628 μυςῆρνον]
1199 1546 1389 1629 Ἐἔορχεῖθαν
1406 1545 1535 1631 μυςήρνον

497 1631 626 1716 proprie
641 1630 681 1693 de
696 1652 736 1694 eo
752 1630 880 1708 dicitur,
896 1629 1013 1715 quires
1030 1651 1166 1695 arcanas,
1176 1650 1232 1693 seu
1248 1631 1399 1715 mysteria
1413 1630 1534 1716 prodit,

497 1716 540 1780 de
562 1738 627 1801 quo
648 1716 777 1780 uberius
796 1715 1027 1800 disputavimus
1047 1716 1088 1779 ad
1109 1714 1285 1778 Herodiani
1303 1715 1361 1779 lib.
1375 1739 1404 1778 v.
1419 1737 1490 1802 cap.
1503 1730 1535 1781 5.

492 1802 670 1865 Srnorrs.
716 1800 864 1865 Valesius
882 1801 928 1863 ita
949 1800 1184 1885 iuterpretatur,
1201 1801 1292 1886 quasi
1306 1800 1340 1864 iu
1354 1802 1463 1888 aliquo
1477 1822 1536 1867 co·

499 1886 571 1950 dice
593 1886 724 1973 legisset
747 1886 963 1970 ἐξορκνσᾶμενον.
990 1887 1046 1949 Ex
1068 1886 1256 1972 corrigendis
1270 1886 1312 1949 od
1331 1885 1444 1951 calcem
1460 1887 1536 1951 edit.

501 1972 650 2036 Cantaba.
687 1974 875 2037 Lectionem
899 1970 1029 2056 quidem
1051 1972 1213 2057 vulgatam
1235 1972 1386 2037 exhibent
1408 1994 1537 2061 quoque

500 2058 670 2149 Syncellus
685 2071 717 2121 et
733 2057 939 2143 Nicephorus
953 2082 960 2119 ε
985 2057 1041 2119 sed
1052 2057 1115 2120 vim
1129 2057 1214 2120 vocis
1227 2060 1447 2145 ἐξοςχησάμενον
1461 2059 1538 2123 satis

500 2145 656 2230 expressit
669 2142 816 2209 Valesius
832 2141 933 2207 verbis
949 2142 1022 2220 illis,
1034 2142 1155 2226 prodito
1172 2144 1330 2228 mysterio.
1376 2145 1538 2230 Interpre-

499 2229 656 2294 tationem
687 2228 855 2292 confirmat
883 2227 1025 2291 Budaeus
1053 2249 1091 2291 ex
1114 2229 1258 2292 Luciano
1283 2240 1316 2291 et
1341 2229 1476 2315 Syuesio
1506 2231 1539 2293 iu

502 2314 689 2379 Comment.
702 2316 740 2377 L.
752 2315 794 2378 G.
809 2337 837 2377 v.
851 2315 1054 2398 Ἐξορχεῑθυν.
1076 2314 1128 2377 De
1140 2315 1208 2377 aliis
1220 2312 1316 2400 hujus
1328 2314 1413 2377 vocis
1424 2336 1539 2401 accep·

500 2401 643 2464 tionibus
661 2398 731 2463 vide
750 2400 792 2463 sis
813 2399 1015 2487 Hesychium
1035 2398 1112 2464 edit.
1134 2399 1249 2465 noviss.
1270 2423 1299 2463 v.
1318 2401 1540 2485 Ἐξορχῆσομου.

500 2486 558 2550 ubi
579 2499 687 2549 tamen
711 2499 826 2570 praeter
847 2507 972 2548 remex
996 2498 1104 2548 nostra
1123 2484 1259 2570 epistola
1277 2486 1431 2572 synodica
1449 2486 1541 2551 locus

501 2571 562 2635 iste
584 2570 744 2648 laudatur.
788 2572 904 2655 Neque
927 2570 1059 2633 omittas
1082 2570 1177 2634 velim
1199 2572 1487 2656 Harpocrationem
1509 2596 1540 2639 v.

501 2658 759 2742 Ἐξορχησίιμενος,
771 2656 812 2719 ad
826 2678 920 2741 quem
934 2655 1013 2719 item
1028 2656 1136 2719 locum
1151 2656 1244 2741 plura
1257 2670 1367 2720 noster
1380 2657 1541 2722 Valesius.
1640 2691 1644 2699 ·

501 2743 570 2806 Adi
585 2764 726 2829 quoque,
742 2742 768 2804 si
781 2741 884 2818 lubet,
899 2740 1031 2805 Suidam
1046 2765 1076 2804 v.
1089 2742 1319 2828 Ἐξορχηοᾶμην.
1338 2744 1541 2809 Gaetaun.

505 2828 589 2893 Haee
615 2827 805 2892 Gallandius
830 2828 861 2890 in
887 2841 963 2891 nota
988 2833 1047 2891 sua
1071 2827 1167 2891 unica
1189 2827 1230 2891 ad
1253 2828 1335 2893 hanc
1359 2827 1541 2915 epistolam,

504 2915 599 2979 verba
612 2926 719 2978 auteur
736 2914 1013 2978 Antiochenorum
1039 2912 1080 2977 ad
1105 2914 1261 3001 Hesychii
1281 2913 1426 3002 glossam,
1440 2917 1542 3002 Ἐξυρ·

502 3001 641 3086 χῆσομυυ.
670 3000 821 3078 Χλευᾶσω,
847 2998 960 3083 ύὲρίσυ,
985 3014 1099 3085 praeter
1122 3023 1190 3064 rem
1214 3015 1468 3066 commemorata
1490 3002 1542 3066 lu·

503 3086 577 3164 isse,
590 3087 639 3149 vix
649 3086 701 3149 cui
728 3108 802 3149 uam
815 3086 859 3149 vis
874 3086 970 3170 hujus
985 3085 1071 3148 vocis
1085 3099 1181 3170 atque
1192 3087 1323 3150 alterius
1334 3087 1543 3170 ἑμπομπεόοντα

505 3171 663 3236 suadebit.
704 3109 871 3234 <&aeterum
898 3172 1036 3255 spectari
1055 3169 1107 3232 hie
1127 3185 1238 3234 monet
1260 3171 1434 3252 SemleruS,
1453 3173 1542 3237 Hist.

506 3256 596 3320 Eccl.
613 3256 723 3320 Select.
739 3257 843 3341 Cupit.
859 3257 920 3319 vol.
934 3257 961 3318 l.
977 3277 1009 3340 p.
1023 3269 1074 3320 85.
1091 3255 1130 3318 ad
1146 3256 1298 3341 Apostoli
1311 3257 1417 3320 locum
1434 3257 1466 3320 iu
1478 3259 1542 3342 Ep.

502 3342 603 3428 priori
618 3343 660 3405 ad
674 3343 807 3406 Timollt.
823 3363 893 3427 cap.
910 3341 953 3404 iil.
968 3362 1088 3404 comm.
1103 3347 1150 3406 16.
1166 3342 1213 3404 nal
1229 3341 1452 3426 ὁμολογουμένως
1463 3342 1544 3426 μέγα

506 3430 548 3502 tel
562 3430 593 3492 τὸ
608 3435 654 3504 τῆς
670 3427 806 3502 εὐσεὲείας
820 3429 957 3512 μυςῆρνον,
971 3429 1044 3499 Θεὸς
1058 3427 1209 3513 ἐφανερώθη
1225 3430 1252 3488 ἐν
1266 3428 1363 3515 σαρκί.
1393 3429 1432 3491 In
1444 3429 1548 3494 MSto

505 3529 615 3578 autern
632 3512 723 3576 Bodl.
740 3537 796 3600 per
811 3535 975 3598 apocopen
991 3512 1140 3576 scribitur
1154 3513 1233 3576 τῶδ’
1250 3516 1346 3598 ἐξυρχ.

552 3599 635 3664 lbld.
658 3599 877 3682 ἐμπομπεύοντα]
905 3597 1136 3679 ἐκπομπευσαντα
1156 3599 1204 3662 ed.
1230 3598 1337 3682 Steplt.
1374 3599 1543 3686 Nicepho-

507 3705 562 3749 rus
587 3701 621 3749 et
646 3685 814 3770 Syncellus
841 3685 960 3747 habent
986 3684 1228 3765 ἐμπομπεύσαντα.
1281 3684 1346 3748 Sed
1374 3684 1407 3749 in
1432 3686 1546 3752 codice

508 3772 598 3834 Maz.
614 3771 697 3834 Fuk.
713 3793 751 3834 ac
766 3769 856 3832 Med.
879 3771 1086 3851 ἐμπομπεύοντα
1108 3770 1255 3834 scribitur
1274 3771 1401 3835 rectius.
1447 3771 1545 3837 Cete-

508 3878 580 3920 rum
602 3855 634 3918 in
655 3855 753 3941 hujus
773 3856 838 3919 loci
859 3856 1001 3918 versione
1024 3855 1234 3940 corrigendus
1257 3870 1307 3920 est
1327 3855 1460 3929 Rufinus
1482 3856 1546 3922 hoe

508 3942 620 4005 modo.
665 3940 730 4004 Hic
744 3964 811 4004 aero
829 3940 883 4026 qui
898 3940 1038 4025 abjurato
1049 3938 1133 4023 fidei
1147 3941 1292 4026 mysterio
1313 3941 1355 4004 od
1371 3941 1546 4026 pollutissi-

508 4049 594 4091 mam
608 4028 793 4090 seArternoe
807 4024 948 4091 baeresim
964 4025 1105 4091 corrtulit.
1148 4029 1191 4089 Et
1210 4027 1306 4112 paulo
1328 4041 1401 4174 post
1422 4028 1478 4092 ubi
1500 4028 1546 4093 le·

508 4126 633 4208 guntur
648 4111 718 4175 haec
735 4112 839 4176 verba.
877 4111 941 4175 Hic
959 4134 1027 4174 vero
1048 4111 1103 4197 qui
1122 4111 1268 4198 indignas
1288 4111 1328 4176 Ιιο
1351 4112 1412 4178 itas
1426 4125 1471 4178 est
1485 4137 1548 4180 esse
1654 4168 1663 4195 ,

512 4217 546 4260 νυ
567 4196 692 4261 ecclesio
709 4195 878 4275 catholica,
900 4195 1067 4261 anathema
1089 4196 1251 4261 scribatur.
1295 4200 1388 4285 lego
1405 4202 1548 4266 Artena

509 4282 637 4356 scribat,
652 4295 689 4347 ut
711 4283 777 4347 fere
798 4282 953 4369 scriptum
973 4282 1093 4346 habent
1108 4282 1173 4346 duo
1187 4282 1393 4348 vetustissimi
1408 4286 1547 4351 codices.

488 4369 562 4435 AEx
576 4368 692 4454 quibus
708 4368 806 4431 etiam
823 4368 989 4454 sequentia
1003 4368 1194 4454 corrigenda
1217 4385 1292 4434 sunt
1312 4369 1345 4433 in
1368 4370 1455 4435 hunc
1476 4395 1548 4436 mo·

511 4452 602 4518 dum.
638 4455 781 4518 Artena
794 4452 920 4533 scribut,
937 4465 967 4517 et
990 4451 1078 4518 itlius
1095 4453 1221 4518 baeresis
1240 4466 1402 4519 sectatores
1420 4455 1448 4519 ei
1466 4479 1548 4522 cone·

512 4540 679 4604 marsicani.
723 4539 776 4602 Sic
799 4540 884 4602 enirn
908 4539 1007 4604 habet
1029 4539 1181 4604 Graecum
1205 4540 1366 4625 exemplar
1391 4540 1548 4626 epistolae,

511 4646 552 4688 ex
572 4647 640 4712 quo
662 4624 733 4689 haec
754 4646 906 4689 conversa
927 4639 1012 4689 sunt.
1055 4628 1170 4711 Atque
1190 4625 1236 4691 ita
1255 4623 1372 4690 diserte
1393 4628 1550 4712 scriptum

511 4708 610 4776 habet
630 4710 863 4780 vetustissimus
884 4711 986 4776 codex
1008 4711 1115 4776 Rufini
1135 4711 1169 4776 in
1190 4710 1389 4777 bibliotheca
1410 4712 1445 4777 S.
1465 4714 1549 4780 Ger·
