4092 5675
672 803 725 870 m
747 800 981 871 srnonun
1003 798 1369 868 Anrrocnnmn.
1460 792 1462 797 ’
1478 776 1564 890 μς

498 981 522 1016 “
536 972 618 1053 bita,
643 968 1014 1040 a'Samosatenianismo
1040 991 1082 1038 ne
1107 971 1210 1037 latum
1237 970 1370 1059 quidem
1395 992 1543 1058 unguem

498 1068 522 1101 “
536 1060 646 1126 distat.
692 1060 781 1126 Cum
801 1061 887 1126 enim
908 1060 1078 1125 haereticus
1097 1057 1255 1136 docuerit,
1271 1057 1379 1121 Deum
1393 1059 1543 1124 Verbum

498 1154 522 1188 “
537 1169 611 1211 cum
628 1146 770 1226 bomine,
784 1146 816 1211 in
830 1161 939 1212 ventre
959 1145 1091 1232 virginis
1110 1144 1216 1208 adbuc
1236 1143 1368 1222 latente,
1384 1143 1543 1231 conjunc-

497 1239 521 1274 “
536 1247 606 1296 tum
631 1233 741 1313 fuisse,
762 1247 800 1298 ut
822 1255 900 1298 mox
919 1232 1067 1319 pluribus
1090 1227 1311 1307 ostendemus,
1336 1229 1490 1310 efficitur,
1505 1242 1544 1296 ut

497 1325 521 1359 “
537 1319 630 1383 Deus
644 1320 802 1400 Verbum,
817 1341 857 1385 ex
879 1320 978 1405 ipsius
1000 1318 1091 1383 Pauli
1110 1315 1279 1394 sententia,
1293 1315 1328 1379 in
1342 1331 1451 1380 ventre
1465 1319 1544 1382 Ma·

498 1411 522 1445 “
536 1404 592 1468 riae
608 1405 797 1470 secundario
814 1405 920 1471 fuerit.
965 1406 1031 1469 Hae
1051 1418 1161 1469 tamen
1182 1401 1385 1467 difficultates
1407 1402 1545 1468 fortasse

498 1498 522 1531 “
537 1504 737 1576 superantur,
761 1491 788 1555 si
810 1492 916 1578 primo
937 1511 1170 1578 supponamus,
1191 1487 1416 1578 Antiochenos'
1435 1490 1543 1569 verba,

497 1582 521 1617 “
537 1576 625 1639 Dens
647 1577 824 1642 secundario
851 1577 885 1641 in
907 1588 1013 1641 ventre
1037 1587 1117 1656 erat,
1141 1597 1181 1639 ex
1203 1587 1312 1639 mente
1340 1575 1544 1640 samosateni

497 1668 522 1702 “
535 1662 709 1748 protulisse
720 1687 731 1743 3
762 1662 877 1728 deinde
905 1685 979 1727 vero
1008 1676 1198 1742 statuamus,
1229 1660 1418 1747 particulam
1445 1683 1545 1748 neque

497 1754 522 1788 “
537 1762 612 1812 ante
624 1747 790 1834 formatus
808 1760 855 1814 est
877 1751 992 1813 ἀπὸτοῦ
1006 1756 1094 1812 κανοῦ
1109 1747 1321 1835 supplendam
1337 1768 1417 1811 esse.
1461 1747 1544 1811 Inde

497 1841 522 1874 “
537 1832 592 1898 hic
614 1855 725 1899 sensns
748 1835 909 1901 nascitur:
938 1856 1043 1922 neque
1063 1835 1156 1901 Deus
1174 1834 1319 1898 Verbum
1341 1832 1543 1920 passionum,

498 1927 523 1961 “
537 1941 644 2007 neque
658 1942 775 2007 corpus
790 1922 971 1986 humanum
987 1943 1121 2008 operum
1134 1919 1314 1984 divinorum
1327 1918 1546 2005 principaliter

497 2012 521 2047 “
538 2026 650 2091 expers
665 2019 753 2071 erat:
777 2030 882 2095 neque
905 2006 986 2071 illud
1004 2006 1128 2090 veritati
1148 2004 1545 2084 consentaneum,·Chris·

497 2098 521 2133 “
535 2104 606 2155 tum
623 2092 789 2156 hominem
804 2094 917 2157 saltem
932 2091 1160 2179 principaliter,
1175 2091 1285 2156 Deum
1299 2112 1371 2154 vero
1386 2091 1544 2155 secunda-

498 2183 522 2218 “
536 2177 586 2242 rio
607 2177 641 2241 in
660 2191 770 2243 ventre
792 2179 900 2244 fuisse.
946 2177 986 2241 ld
1005 2178 1091 2241 enirn
1106 2199 1172 2264 quo
1187 2177 1293 2242 minus
1311 2174 1410 2240 Paulo
1425 2197 1545 2241 conce·-

497 2271 521 2305 “
538 2262 663 2342 damus,
678 2264 756 2328 unio
776 2263 912 2329 duarum
935 2278 1121 2328 naturarum
1142 2260 1360 2327 substantialis
1382 2262 1546 2347 probibet.

498 2356 523 2390 “
538 2350 650 2436 Atque
672 2350 742 2414 baec
765 2350 896 2438 quidem
920 2372 959 2414 ex
981 2365 1090 2413 mente
1104 2348 1417 2413 Antiochenorum.”
1461 2350 1546 2415 Haec
1596 2403 1597 2406 ,
1687 2391 1693 2396 -

498 2433 554 2502 ille
567 2460 576 2514 3
599 2437 632 2500 in
653 2436 770 2522 quibus
791 2449 900 2501 tamen
915 2435 956 2500 de
971 2449 1099 2521 patrum
1115 2456 1153 2498 ac
1169 2433 1257 2499 Pauli
1271 2433 1478 2520 opinionibus
1492 2456 1546 2506 me

499 2521 563 2586 sibi
586 2521 838 2586 consentientem
860 2545 923 2586 non
948 2521 1058 2585 habet.
1104 2520 1268 2585 Caeterum
1284 2520 1414 2605 egregie
1429 2542 1483 2585 sex
1499 2520 1549 2586 illi

500 2606 637 2694 hujusce
652 2608 780 2673 concilii
818 2622 901 2672 atres
916 2606 957 2671 de
973 2608 1092 2671 unione
1106 2605 1243 2671 duarum
1259 2607 1292 2671 in
1308 2605 1441 2670 Christo
1455 2618 1548 2672 natu-

499 2716 609 2759 rarum
625 2695 657 2758 in
670 2630 818 2779 Epistotii
831 2694 937 2780 priore
949 2693 1146 2779 scripserunt
1157 2692 1199 2756 ad
1210 2714 1243 2779 p.
1251 2704 1322 2770 473,
1331 2704 1402 2768 474.
1422 2693 1548 2757 Lutbe·

499 2798 652 2845 ranorum
665 2794 773 2845 autem
787 2795 821 2846 et
833 2781 1094 2846 Reformatorem
1106 2776 1146 2845 de
1156 2779 1450 2844 communicatione
1463 2778 1547 2845 idio-

498 2878 626 2930 matum
648 2867 722 2930 lites
744 2887 809 2930 non
829 2869 968 2953 attingo,
984 2866 1041 2954 qui
1058 2877 1166 2929 tamen
1183 2886 1295 2929 omnes
1312 2888 1414 2931 unum
1431 2865 1547 2932 Chris·

500 2966 574 3018 tum
590 2965 624 3016 et
638 2953 749 3017 Deum
765 2967 799 3017 et
814 2952 979 3017 bominem
995 2974 1030 3016 se
1043 2951 1178 3017 adorare
1193 2951 1393 3038 profitentur.

547 3039 583 3102 P.
596 3045 666 3103 486.
682 3039 747 3115 l.7.
770 3041 878 3120 καίμὴ
901 3037 1022 3122 εἴκοντα]
1044 3038 1092 3101 καί
1114 3041 1153 3121 μὴ
1175 3040 1277 3116 ἥκοντα
1298 3039 1376 3103 MS.
1399 3038 1491 3104 Bodl.
1514 3051 1549 3105 et

501 3122 677 3211 syncellus.
722 3122 786 3188 Sed
803 3123 933 3209 Rrfinus
952 3136 1043 3187 vetus
1065 3125 1181 3212 interp.
1197 3122 1307 3202 habet,
1322 3145 1425 3210 neque
1441 3127 1549 3212 acqui-

501 3221 652 3276 escentem
666 3233 750 3274 verce
754 3208 848 3294 fidei.

547 3296 632 3361 Ibid.
648 3296 670 3359 l.
685 3314 715 3375 9.
739 3295 898 3379 ἐπίσκοπον]
914 3294 1047 3360 Omittit
1063 3293 1193 3379 Niceplt.
1216 3294 1388 3359 Srnorn.

546 3381 631 3446 lbid.
655 3382 678 3446 l.
698 3397 744 3446 10.
775 3388 824 3445 τοῦ
846 3381 999 3467 μακαρίου]
1026 3387 1075 3443 τοῦ
1097 3379 1254 3466 μακαρίτου
1279 3379 1325 3444 ed.
1351 3378 1461 3465 Stept.
1508 3382 1547 3446 ln

501 3468 616 3536 codice
634 3468 809 3544 Medicaeo,
825 3467 1005 3531 Fuketiano
1028 3479 1060 3530 et
1083 3465 1264 3543 Mazarino,
1285 3480 1319 3530 et
1340 3465 1427 3551 apud
1447 3467 1550 3532 Nice·

502 3555 646 3642 phorum
668 3569 702 3619 et
724 3553 910 3642 Syncellum
932 3552 1054 3639 legitur
1075 3559 1123 3615 τοῦ
1144 3551 1294 3638 μακαρίου.
1325 3573 1384 3616 nec
1406 3551 1548 3617 multum

502 3641 602 3706 refert
623 3652 698 3704 utro
721 3639 821 3704 modo
845 3639 1012 3703 scribatur.
1039 3640 1250 3702 Venustus.
1292 3640 1340 3715 τὴν
1364 3645 1413 3701 τοῦ
1438 3665 1472 3720 μ.
1499 3639 1548 3704 ed.

506 3726 614 3812 Steplr.
634 3726 758 3791 vitiose.
782 3727 950 3790 Srnorrr.
986 3724 1125 3811 μακαρίου
1148 3737 1303 3810 praestant
1327 3723 1430 3788 MSS.
1454 3725 1547 3789 Bodl.

504 3834 563 3877 seu
579 3811 677 3878 Savil.
694 3826 726 3875 et
741 3810 881 3898 Norfolc.
907 3810 1070 3874 Caeterum
1084 3810 1297 3884 Demetriano
1311 3810 1457 3896 proxime
1473 3833 1548 3876 suc·

505 3898 637 3963 cessisse
655 3898 790 3962 Paulum
812 3919 850 3960 ex
871 3897 927 3960 lib.
940 3897 991 3960 vii.
1008 3894 1197 3959 Eusebioncc
1213 3894 1301 3959 Hist.
1316 3917 1387 3982 cap.
1401 3907 1451 3972 27.
1467 3919 1548 3962 con-

504 3999 581 4049 stat.
623 3984 757 4048 Domno
774 3982 887 4069 prioris
901 3981 1045 4068 episcopi
1064 3980 1265 4045 Demetriani
1281 3980 1346 4046 filio
1361 4003 1479 4048 nomen
1495 4005 1551 4050 or·
1602 4006 1604 4009 ·

504 4083 577 4135 tum
593 4082 642 4134 est
663 4093 701 4134 ex
723 4069 857 4149 Latinis,
874 4069 1018 4146 Domino,
1034 4069 1179 4145 Domn03
1200 4078 1234 4131 et
1254 4066 1336 4132 alius
1357 4067 1419 4134 fuit
1435 4082 1550 4156 postea
1654 4143 1657 4148 ,
1693 4046 1695 4050 ⁸

505 4156 710 4242 cognominis
725 4155 896 4241 episcopus
909 4153 1056 4241 ejusdem
1069 4152 1266 4232 Antiochiae,
1278 4152 1319 4218 ad
1335 4175 1431 4241 quern
1448 4157 1550 4243 scrip-

505 4255 616 4307 serunt
639 4241 782 4330 Cyrillus
803 4240 1040 4305 Alexandrinus
1061 4254 1095 4304 et
1112 4238 1347 4305 Theodoretus.
1384 4241 1469 4307 Mox
1487 4265 1549 4330 pro

506 4353 537 4391 rr
552 4332 614 4411 ὑμῖν
629 4327 653 4391 S
675 4325 792 4391 ocellus
807 4325 839 4391 ἒν
855 4327 962 4391 habet.

495 4456 498 4461 ·
551 4351 673 4478 Ibidi.
696 4428 741 4478 13.
765 4414 812 4476 καί
833 4418 870 4477 τὰ
889 4416 974 4500 παρὰ
992 4412 1089 4477 τούτου
1104 4412 1260 4496 κοινωνικὰ]
1280 4409 1552 4478 Communicato·

507 4499 571 4565 rias
589 4499 697 4564 literas
711 4513 827 4565 vocant
847 4499 966 4578 Latini,
981 4520 1116 4586 quarum
1137 4519 1215 4561 usus
1239 4510 1289 4561 est
1310 4496 1552 4584 antiquissimus

507 4587 542 4651 in
558 4585 704 4650 ecclesia.
748 4584 887 4649 Easdem
901 4585 998 4649 etiarn
1014 4586 1169 4648 formatas
1185 4582 1344 4661 dixerunt,
1358 4595 1397 4645 ut
1414 4594 1553 4649 testatur

508 4673 713 4758 Augustinus
734 4672 767 4735 in
793 4671 941 4757 Epistola
967 4676 1032 4734 163.
1076 4669 1208 4756 Duplex
1226 4679 1334 4732 autern
1356 4667 1418 4734 fuit
1441 4691 1551 4734 earum

507 4778 625 4845 genus.
669 4757 754 4825 Aliae
768 4757 855 4853 enim
870 4756 996 4824 clericis
1009 4767 1043 4908 elt
1057 4754 1148 4823 laicis
1161 4753 1414 4844 peregrinaturis
1431 4754 1553 4823 daban-

991 4863 1012 4908 Ι.
1047 4856 1068 4907 2
