4092 5675
609 789 683 871 ¹294
855 782 858 790 ·
953 780 1311 849 auuornnours
1396 773 1400 780 ·

620 958 644 995 “
657 953 781 1020 sinatus
802 962 871 1018 est:
894 952 1166 1039 quemadmodum
1180 967 1213 1019 et
1229 952 1269 1018 de
1282 950 1441 1019 laxatione
1459 938 1655 1041 captiuitatis

621 1046 646 1081 “
656 1040 843 1128 joculariter
858 1038 1082 1119 hallucinatus,
1097 1062 1192 1128 quam
1208 1040 1376 1126 trigesimo
1393 1059 1479 1103 anuo
1499 1046 1577 1125 post
1596 1045 1652 1105 e'x'·

621 1132 645 1167 “
660 1126 779 1191 cidium
802 1125 913 1211 templi
933 1126 1057 1205 statuit,
1071 1139 1108 1191 ut
1126 1126 1261 1212 primam
1277 1124 1506 1212 Olympiadem
1522 1126 1556 1190 in
1571 1129 1652 1191 tem-

602 1277 605 1282 .
622 1216 721 1298 “pus
734 1210 883 1277 Joatham
904 1212 1087 1311 conjiceret,
1106 1225 1268 1275 auctorem
1285 1211 1473 1274 Alricauum
1491 1208 1654 1276 secutus.''

523 1313 528 1321 '
625 1297 704 1383 (Sed
713 1319 802 1375 uero,
817 1295 894 1361 dum
914 1298 1085 1362 Africanus
1106 1299 1243 1383 primunr
1268 1317 1386 1359 annum
1409 1296 1537 1361 Aclrazi
1559 1296 1654 1382 regit,

621 1383 678 1470 qui
691 1382 841 1450 Joatharn
856 1395 984 1448 secutus
999 1396 1059 1462 est,
1074 1405 1147 1449 cunr
1164 1382 1266 1468 prima
1281 1381 1474 1469 Olympiade
1484 1399 1652 1468 compara·

607 1469 690 1548 'bat,
705 1486 741 1532 ut
757 1470 824 1554 ipse
840 1467 979 1534 ostendit
1000 1468 1154 1555 Scaliger,
1168 1466 1326 1533 Eusebius
1340 1488 1458 1532 annum
1475 1482 1525 1531 50.
1542 1466 1653 1553 prioris

621 1555 709 1643 regis
720 1555 846 1621 Azariae
858 1554 1009 1643 praetulit,
1020 1555 1125 1640 primo
1137 1569 1244 1617 tamen
1254 1551 1418 1619 Joathami
1433 1553 1466 1616 in
1483 1553 1652 1640 quadrien·

622 1641 677 1705 nio
700 1640 873 1729 Olympico
896 1640 1043 1722 incluso.)
1094 1641 1237 1727 “Quare
1259 1638 1388 1704 alterius
1409 1638 1568 1703 intervalli
1583 1637 1651 1723 prl-

622 1732 645 1767 “
661 1746 733 1790 mus
753 1748 853 1791 annus
867 1726 1018 1791 Jo'athain
1033 1740 1081 1789 est
1096 1726 1128 1788 τὸ
1142 1726 1188 1807 ἀφ’
1203 1723 1245 1804 ol,
1258 1745 1359 1789 annus
1379 1723 1541 1789 secundus
1563 1723 1651 1789 Darii

622 1816 646 1851 “
659 1813 691 1874 τὸ
706 1813 745 1892 ἔφ’
759 1810 786 1889 t,
803 1812 836 1877 in
850 1833 915 1900 quo
929 1832 963 1875 se
987 1812 1213 1897 tuagesimum,
1226 1823 1264 1874 ut
1277 1808 1426 1888 diximus,
1441 1829 1564 1875 anuum
1579 1831 1650 1912 cap-

621 1901 646 1937 “
659 1895 790 1961 tivitatis
813 1897 936 1976 statuit,
982 1897 1047 1983 lym
1073 1896 1151 1961 iadis
1167 1914 1255 1960 axv.
1269 1916 1353 1959 anno
1372 1894 1526 1960 secundo.
1563 1907 1567 1916 '

622 1981 758 2068 “igitur
771 1982 968 2047 intervallum
985 1983 1026 2045 ab
1041 1919 1154 2047 llxodo
1165 1981 1205 2046 ad
1217 1979 1385 2045 conditum
1399 1979 1569 2067 templi,et
1582 1979 1650 2046 rude

602 2063 644 2109 '“
659 2066 700 2132 ad
712 2068 862 2132 Joatham
885 2089 1007 2154 regern,
1021 2069 1186 2153 perspicue
1206 2078 1397 2152 conceptum
1413 2079 1504 2136 extat
1516 2067 1551 2131 in
1568 2086 1650 2132 sacra

620 2145 799 2232 “historia
820 2153 892 2218 inde
914 2165 1068 2240 quantum
1089 2152 1214 2219 intersit
1234 2151 1276 2216 ab
1301 2151 1433 2229 Exodio,
1451 2152 1495 2217 ad
1516 2152 1648 2238 primam

602 2244 645 2280 ·“
657 2239 896 2327 Olympiadem,
911 2238 1051 2338 ignorari
1067 2260 1131 2304 non
1146 2236 1285 2323 potest.’'
1308 2239 1390 2302 Haec
1406 2237 1565 2324 Scaliger.
1601 2237 1648 2305 De

620 2344 727 2389 errore
742 2340 849 2390 autem
868 2325 1010 2389 Africani
1025 2324 1109 2389 circa
1122 2322 1360 2387 conclusionem
1377 2323 1574 2406 captivitatis
1590 2322 1648 2390 Ba·

619 2410 781 2497 bylonicoe
803 2432 876 2476 curu
902 2409 1080 2475 certissimo
1099 2424 1243 2496 tempore
1262 2406 1398 2473 instituti
1417 2407 1547 2498 scyro
1564 2407 1648 2497 regni

620 2517 659 2561 su
701 2519 716 2561 r
731 2498 841 2562 Persas
856 2497 940 2560 male
953 2495 1170 2570 con'unctam‚
1185 2514 1263 2557 mox
1275 2492 1460 2558 dicendum.

691 2589 781 2646 .156.
798 2582 820 2645 l.
835 2597 881 2646 12.
903 2518 1104 2667 rmexpdtroct]
1130 2580 1181 2644 Ita
1199 2577 1277 2645 MS.
1295 2578 1329 2643 V
1326 2578 1405 2668 igeri
1424 2592 1460 2644 et
1479 2577 1586 2646 codex
1599 2578 1647 2645 ille

622 2666 655 2731 S.
667 2668 759 2733 Jooo.
775 2667 873 2732 Oxou.
888 2687 947 2752 pro
960 2666 1164 2753 συνεχρὸνησεν.
1402 2677 1405 2682 ’
1622 2683 1624 2688 ·

517 2807 523 2818 ,
664 2752 698 2816 Ρ.
717 2766 781 2829 157.
795 2752 818 2816 l.
831 2766 861 2815 2.
885 2758 930 2815 lto
946 2777 973 2825 ος
986 2757 1104 2840 Περσῶν
1119 2749 1286 2829 &flanimea
1300 2747 1324 2837 ᾧ
1337 2748 1389 2813 ἔτει
1403 2749 1644 2839 Ὀλυμπιὸςῆχθι

619 2834 679 2922 tu'.]
696 2778 948 2901 &daolnsooeri
964 2834 1042 2900 Coll.
1060 2837 1195 2901 S.Joon.
1231 2837 1294 2902 Sed
1308 2835 1349 2900 de
1364 2858 1398 2901 re
1482 2834 1565 2925 Cyri
1634 2849 1646 2900 t
1686 2856 1688 2863 '

589 2970 591 2977 ,
618 2922 788 3008 Astyagen
810 2935 992 3008 superatum
1003 2989 1004 2993 ,
1014 2922 1077 2986 hoc
1097 2944 1204 2986 verum
1219 2935 1278 2986 est.
1313 2923 1378 2987 “A
1393 2857 1502 2987 ms
1515 2921 1560 2987 ad
1576 2856 1645 2987 Pii·

619 3012 643 3046 “
658 3009 740 3086 sas,’'
763 3009 807 3073 ait
830 3007 974 3072 Petavius
1000 3009 1031 3071 in
1054 3006 1234 3072 Rationalis
1256 3010 1362 3092 Temp.
1385 3022 1468 3093 parta
1490 3009 1517 3071 l.
1540 3007 1597 3072 lib.
1616 3007 1645 3070 fi.

619 3113 689 3243 ‘c‘ap
707 3109 755 3194 11:
770 3101 877 3244 ‹ylpryyt
897 3115 1004 3242 arturost
1008 3105 1081 3194 2317.
1103 3093 1287 3244 dompnatus
1309 3091 1645 3258 uiniiitliileulidbii,

598 3198 601 3204 ’
690 3202 721 3242 ru
749 3201 817 3244 rae
873 3203 919 3243 ,ιι
952 3202 1018 3243 ani
1042 3202 1157 3244 uorum
1200 3202 1323 3245 mutum
1364 3201 1384 3245 o
1422 3201 1440 3243 e
1480 3201 1519 3246 us

619 3270 642 3303 “
657 3201 861 3351 rimaraum
876 3202 1041 3330 Christuri
1058 3266 1168 3347 '⁵⁵97‘
1299 3262 1301 3266 ’
1385 3341 1387 3344 ⁴
1620 3264 1624 3279 ”

662 3351 745 3414 lbid.
761 3351 783 3415 l.
800 3367 847 3415 11.
875 3357 904 3414 αἶ
926 3352 977 3432 μὲν
1000 3349 1044 3414 οὖν
1069 3350 1165 3436 ἱςορῖω
1187 3349 1378 3436 συντρέχουσι,
1402 3350 1496 3436 Κόρου
1517 3375 1552 3415 τι
1575 3349 1642 3436 dm]

618 3437 753 3513 Vereor,
767 3449 803 3500 ut
818 3436 887 3500 haec
902 3436 1038 3501 veritatis
1054 3437 1156 3500 fulcro
1172 3435 1320 3500 nitantur.
1368 3436 1479 3522 Usque
1493 3437 1537 3501 ad
1549 3436 1645 3521 impe·

617 3521 657 3586 rii
680 3523 792 3585 Persici
811 3522 947 3599 initium,
963 3522 1052 3608 quod
1066 3522 1107 3585 ab
1122 3521 1270 3585 omuibus
1285 3520 1554 3609 Olympiadis-55.
1568 3541 1645 3585 anuo

617 3606 725 3693 primo
747 3609 943 3692 assignatum
967 3623 1027 3685 est,
1054 3621 1259 3670 numerantur
1285 3618 1409 3671 tautum
1436 3605 1646 3693 quadraginta

599 3714 602 3719 ·
617 3691 743 3756 circiter
757 3694 830 3755 auui
852 3693 893 3756 ab
911 3692 1002 3756 initio
1016 3694 1106 3778 regui
1123 3692 1281 3770 Zedeciae,
1297 3692 1381 3756 unde
1395 3703 1432 3756 ut
1446 3691 1592 3756 disertius
1606 3691 1646 3756 ait
1674 3710 1677 3718 ·

618 3777 787 3879 syncellus
810 3777 850 3841 ad
873 3780 974 3842 Num.
991 3799 1054 3841 11..
1072 3778 1287 3864 captivitatem
1307 3778 1430 3842 orditus
1451 3791 1503 3842 est
1521 3793 1646 3863 septua-

616 3877 708 3949 gruta
733 3885 887 3927 annorum
913 3863 1095 3928 Africanus.
1151 3865 1321 3948 Propterea
1346 3862 1549 3948 Babylonico
1573 3861 1647 3951 Cyri

597 3986 599 3990 .
616 3948 764 4034 imperio,
776 3949 863 4035 quod
878 3949 997 4013 multos
1012 3972 1112 4012 annos
1127 3965 1200 4035 post
1218 3947 1298 4012 illud
1315 3949 1475 4012 Persicum
1492 3949 1647 4013 constitu·

607 4044 687 4096 ‘tum
702 4049 761 4112 est,
775 4035 867 4097 fiuent
884 4035 1084 4119 captivitatis,
1097 4056 1154 4098 seu
1168 4056 1283 4097 annum
1295 4032 1432 4117 primum
1447 4033 1529 4120 Cyri
1542 4048 1576 4098 et
1591 4033 1648 4097 fine

595 4137 606 4202 j
617 4115 691 4185 libri
708 4119 846 4182 Claronic.
863 4133 894 4183 et
913 4121 954 4184 ab
973 4122 1056 4184 Ezra
1075 4135 1373 4196 commemoratum,
1388 4117 1503 4205 affigas·
1521 4139 1647 4185 necesse

616 4203 687 4266 erit.
728 4206 800 4267 Hoc
815 4218 920 4268 autem
939 4221 1066 4290 tempus
1080 4227 1153 4269 cum
1169 4206 1364 4292 Olympss.
1377 4221 1404 4268 1.
1422 4203 1558 4268 minime
1572 4210 1648 4270 corl-

593 4287 712 4351 ‘·veuit.
758 4290 865 4367 Porro,
880 4291 1031 4376 quoniam
1055 4311 1166 4353 omues
1189 4290 1268 4378 Cyri
1289 4290 1373 4375 regis
1394 4289 1469 4353 anni
1489 4289 1575 4354 iutra
1591 4289 1646 4354 tri·

594 4396 600 4403 ·
643 4373 707 4436 inta
722 4373 888 4450 sistuntur,
903 4388 999 4475 atque
1014 4376 1131 4440 idcirco
1148 4377 1229 4440 inter
1243 4375 1366 4439 initium
1381 4373 1464 4439 illud
1478 4376 1572 4460 regui
1587 4376 1647 4438 Ze·

593 4393 727 4538 decia,
749 4459 848 4558 quod,
872 4477 906 4524 ut
929 4461 1003 4539 dixi,
1028 4462 1152 4526 Persico
1175 4482 1275 4547 regno
1299 4460 1378 4547 Cyri
1400 4481 1502 4524 annos
1524 4461 1648 4525 circiter

593 4578 597 4587 ·
616 4545 827 4631 quadraginta
842 4547 973 4630 praeivit,
988 4563 1019 4610 et
1036 4547 1236 4631 interipsum
1252 4545 1466 4632 etiamfinem,
1483 4567 1547 4609 non
1564 4544 1646 4610 initi·

590 4644 684 4711 'unu
711 4631 799 4718 regui
827 4631 917 4718 Cyri,
945 4633 1018 4696 anni
1048 4632 1258 4696 intercessisse
1288 4648 1411 4695 tantum
1442 4631 1648 4718 septuaginta

591 4733 749 4805 ··queuut,
765 4716 880 4784 rectior
894 4716 1025 4792 videtur,
1035 4717 1091 4784 illa
1104 4739 1179 4787 cum
1193 4731 1332 4788 veterum
1348 4732 1420 4792 tum
1433 4714 1646 4790 recentiorum
