4092 5675
527 763 582 832 m
598 761 745 830 anon,
763 759 902 828 aner.
923 759 1112 828 caman
1132 759 1326 830 casnm.
1402 779 1451 854 95

407 953 505 1002 mone
518 946 712 1022 procurate.
757 933 827 999 lllae
841 955 916 999 vero
930 955 1003 1020 quae
1024 955 1045 997 a
1061 932 1166 998 divino
1184 934 1305 1020 Spiritu
1322 934 1446 1002 immit-

407 1032 532 1100 tuntur,
547 1019 683 1108 placidae
703 1031 788 1099 sunt,
803 1040 862 1084 nec
884 1032 1003 1084 statum
1024 1019 1139 1083 mentis
1160 1020 1228 1084 ullo
1249 1020 1349 1086 modo
1370 1043 1452 1109 per--

405 1107 552 1186 turbant,
568 1118 605 1170 ut
625 1106 722 1171 docet
743 1105 940 1192 Epiphanius
962 1106 994 1168 in
1016 1104 1130 1168 haeresi
1150 1104 1276 1192 Cataph
1306 1129 1444 1194 ⁷garum,

406 1205 440 1256 et
459 1192 516 1258 hic
534 1206 649 1257 auctor
666 1192 893 1256 innominatus.
938 1193 1047 1277 Quare
1069 1189 1190 1255 fallitur
1211 1129 1367 1257 Nicblaus
1390 1194 1449 1258 Ri-

406 1279 539 1364 galtius‚
579 1278 614 1342 ui
631 1278 666 1342 in
686 1277 784 1342 Notis
802 1277 867 1342 suis
887 1276 928 1341 ad
949 1275 1126 1363 Epistolam
1147 1299 1264 1341 nonam
1280 1277 1447 1365 Cypriani,

407 1377 548 1438 ecstases
598 1385 704 1428 rorem
724 1376 757 1427 et
778 1362 1001 1426 alienationem
1017 1363 1133 1426 mentis
1147 1363 1372 1448 interpretatus
1385 1378 1447 1431 est.

407 1449 487 1514 Non
508 1449 556 1515 ita
577 1449 809 1537 Hieronymus,
824 1448 916 1536 cujus
932 1447 1001 1512 haec
1016 1462 1090 1512 sunt
1103 1449 1197 1512 verba
1210 1449 1250 1512 ad
1267 1449 1397 1515 Suniam
1414 1464 1448 1518 et

408 1534 582 1600 Fretelam.
604 1534 712 1599 Aliter
723 1533 805 1598 enim
818 1533 952 1598 Latinas
964 1557 1060 1598 sermo
1075 1534 1187 1606 ἔνςαοον
1201 1534 1371 1618 exprimere
1385 1560 1447 1604 nort

405 1631 521 1705 potest,
535 1619 598 1684 nisi
610 1620 723 1684 mentis
738 1642 902 1685 excessum.
948 1622 999 1684 Ita
1015 1621 1113 1684 etiam
1131 1620 1345 1685 Tertullianus
1359 1623 1393 1686 in
1406 1623 1447 1688 li-

408 1707 469 1772 bro
482 1705 523 1770 de
537 1706 659 1770 Anima
673 1727 742 1790 cap.
757 1719 808 1770 45.
831 1706 926 1769 Hanc
944 1705 1007 1770 vim
1028 1705 1170 1770 ecstasim
1189 1705 1330 1786 dirimas,
1345 1730 1450 1773 exces-

409 1813 477 1856 sum
492 1813 598 1856 sensas
611 1803 642 1856 et
657 1791 804 1855 ementire
820 1791 929 1855 instar.
968 1791 1058 1855 ldenr
1075 1803 1183 1856 tamen
1198 1793 1340 1857 ecstasim
1353 1795 1449 1860 abso·

407 1877 476 1942 late
490 1877 662 1942 amentiam
675 1876 912 1964 interpretatur,
924 1877 1033 1963 aitque
1045 1877 1216 1964 spiritalem
1229 1901 1297 1942 esse
1308 1881 1371 1943 vim
1383 1903 1449 1966 qua

409 1977 538 2028 constat
561 1961 741 2050 prophetia.
763 1999 765 2004 ·
786 1964 839 2027 Sic
861 1964 894 2026 in
918 1962 974 2026 lib.
998 1963 1039 2027 de
1061 1963 1181 2026 Anima
1202 1986 1273 2049 cap.
1287 1980 1337 2029 21.
1360 1980 1394 2031 et
1415 1969 1448 2032 in

407 2047 492 2114 libro
501 2049 545 2113 iv.
562 2061 675 2112 contra
689 2049 892 2113 Marcionem
907 2070 977 2133 cap.
990 2063 1039 2113 22.
1061 2051 1184 2113 Verum
1201 2048 1271 2113 haec
1286 2073 1305 2113 a
1319 2052 1449 2118 Tertul-

407 2133 496 2200 liano
509 2133 631 2220 scripta
645 2148 719 2199 sunt
733 2134 885 2199 Montani
900 2136 1060 2199 erroribus
1071 2135 1141 2223 jam
1154 2135 1301 2222 decepto.
1323 2139 1449 2206 Vste-

411 2241 509 2286 s1as.

450 2307 488 2372 P.
501 2318 553 2383 78.
567 2306 652 2370 l.16.
674 2309 754 2370 ἀλλὰ
767 2309 806 2386 μὴ
820 2303 883 2370 ἄνευ
896 2312 932 2368 ris
949 2308 1008 2369 ἰδεῖν
1023 2309 1105 2386 ἡμᾶς,
1119 2304 1258 2388 inimiici
1268 2333 1295 2369 τι
1306 2308 1450 2372 τῶντοοῦ-

408 2417 464 2456 των
481 2391 640 2476 νομίζομεν]
659 2393 697 2456 ln
718 2391 830 2456 codice
853 2392 968 2476 Regio,
991 2393 1081 2455 Maz.
1102 2392 1185 2455 Fuk.
1208 2396 1279 2456 Sav.
1301 2407 1334 2456 et
1354 2395 1455 2460 Med.-

409 2476 567 2563 scriptum
588 2478 690 2562 reperi
710 2481 789 2540 mai
808 2477 858 2559 μή.
903 2481 1011 2564 Quam
1026 2477 1196 2541 lectionem
1213 2479 1366 2543 veriorem
1381 2501 1450 2545 csse

410 2563 577 2641 existim03
592 2585 726 2650 eamque
741 2575 870 2628 secutus
883 2578 933 2628 est
948 2563 1130 2645 Musculus.
1156 2564 1204 2627 At
1219 2564 1451 2651 Christophor·

411 2669 509 2714 sonus
531 2648 604 2714 haec
625 2670 682 2734 per
702 2649 987 2733 interrogationem
1010 2647 1074 2713 diei
1095 2649 1296 2713 existimavit.
1323 2652 1450 2716 Vaas-

413 2755 510 2798 mJS.
554 2739 608 2816 μὴν
631 2735 677 2798 ed.
704 2733 809 2819 Steplz.
835 2756 912 2798 mox
937 2735 1058 2820 legitur
1081 2733 1144 2798 airas
1169 2742 1217 2798 τοῦ
1240 2738 1291 2798 δεῖν
1316 2736 1349 2799 in
1371 2737 1449 2802 MS.

412 2818 520 2905 Steplt.
534 2818 623 2886 etad
638 2843 707 2884 mar
731 2867 739 2883 .
754 2820 829 2885 edit.
847 2820 962 2885 Genea.
976 2835 1010 2886 et
1023 2824 1076 2904 μὴν
1090 2824 1142 2884 δεῖν
1158 2827 1229 2902 ἡμᾶς
1243 2822 1311 2886 sine
1326 2820 1388 2888 ἄνευ
1401 2831 1450 2888 τοῦ

411 2905 613 2971 Jonesianam
624 2844 734 2990 Stepi.
749 2905 934 2991 Exemplar.
956 2907 1127 2971 Ssnossr.
1171 2908 1209 2971 ln
1225 2907 1330 2993 Sept.
1346 2932 1449 2974 exera-

408 2990 505 3077 pleri,
530 2991 620 3079 quod
643 2992 676 3055 in
699 2992 876 3057 Bodleiana
897 3007 1049 3071 servatur,
1068 2992 1129 3056 ἄνευ
1152 2995 1279 3079 punctis
1302 3009 1450 3061 notatum

412 3090 470 3143 est.
492 3103 521 3141 rr
536 3078 629 3144 abest
642 3100 663 3141 a
675 3077 751 3141 MS.
767 3078 907 3164 Norfolc.
921 3078 953 3141 in
969 3101 1035 3163 quo
1050 3079 1199 3143 scribitur
1218 3079 1307 3162 νόμιζε
1324 3103 1384 3166 pro
1405 3108 1451 3145 νο-

411 3162 538 3245 μίζομεν,
563 3164 747 3249 respuitque
765 3186 876 3228 vocem
902 3163 1029 3227 τοιούτων
1051 3165 1128 3228 MS.
1153 3164 1245 3228 Bodl.
1267 3188 1323 3229 seu
1349 3168 1449 3231 Sanil.

413 3248 486 3313 Hac
507 3248 659 3313 varietate
679 3248 826 3313 lectionis
848 3271 1028 3334 persuasus,
1053 3272 1150 3348 quarn
1176 3251 1291 3335 partim
1318 3252 1450 3337 quidem

412 3334 536 3421 peperit
550 3334 637 3397 verbi
658 3333 797 3414 ἐπίςοιῶαν
817 3334 1024 3420 ambiguitas,
1040 3358 1091 3399 v1x
1104 3335 1230 3413 dubito,
1247 3335 1324 3420 quin
1338 3336 1451 3422 legen-

414 3418 558 3497 dumsit‚
573 3418 806 3502 imminuisse
827 3428 875 3484 τοῦ
896 3423 968 3495 ἰδεῖν,
984 3423 1035 3483 δεῖν
1058 3426 1129 3502 ἡμᾶς
1152 3419 1291 3499 &lymber
1311 3426 1378 3507 περὶ
1396 3434 1451 3488 τῶν

413 3505 540 3569 τοιούτων
561 3504 715 3587 νομίζομεν,
734 3504 797 3570 hoc
819 3528 923 3584 sensu,
939 3506 993 3569 sed
1009 3505 1159 3591 prffecto,
1176 3506 1236 3570 nisi
1254 3505 1314 3591 ipsi
1334 3507 1450 3573 videri-

414 3612 491 3669 mus,
505 3591 545 3654 de
557 3590 647 3655 rebus
661 3589 834 3675 lrty‘nsmodi
848 3591 1050 3655 assessionem
1068 3590 1152 3655 nolis
1173 3590 1369 3657 inhibendam
1387 3611 1451 3680 pu·

414 3688 525 3741 tamus.
564 3676 731 3745 Caeterum
752 3677 965 3763 Apollonium
986 3677 1238 3741 ecclesiasticum
1262 3678 1451 3764 scriptorem

413 3762 593 3840 tradidisse,
616 3762 806 3827 Montanum
827 3774 857 3826 et
880 3762 1006 3826 insanas
1028 3773 1113 3825 vates
1130 3764 1259 3847 periisse
1279 3767 1451 3848 suspendio,

414 3848 457 3912 sit
472 3848 694 3933 Hieronymus
709 3849 760 3911 De
775 3847 861 3912 Viris
875 3846 930 3911 Ill.
945 3870 1016 3933 cap.
1027 3848 1069 3911 xl.
1085 3870 1174 3913 cons.
1190 3865 1258 3913 not.
1273 3849 1313 3912 ad
1329 3852 1452 3916 Anos-

416 3953 527 3998 nonu
553 3934 745 4018 Fragmenta
767 3956 862 4020 supra
880 3933 922 3996 ad
941 3955 1016 4019 pag.
1033 3947 1082 3997 54.
1102 3950 1136 3999 et
1158 3935 1200 3999 ad
1216 3935 1332 3998 horum
1348 3938 1373 3998 F
1374 3960 1451 4025 rag·

414 4030 514 4093 ment.
531 4016 602 4082 init.

456 4105 492 4168 P.
505 4116 556 4181 79.
572 4103 595 4166 l.
612 4116 641 4167 8.
666 4092 723 4167 {eit
736 4107 775 4187 μὴ
789 4103 898 4187 λεγέτω
915 4104 991 4187 bae]
1011 4106 1150 4190 Pergens
1172 4107 1329 4171 Eusebius
1350 4109 1450 4176 alium

415 4210 509 4275 quem
535 4200 687 4274 praestare
707 4191 847 4254 auctoris
868 4191 990 4269 locum,
1004 4190 1075 4254 haec
1094 4192 1258 4276 praemisit,
1273 4193 1360 4270 Αὖθις
1380 4198 1401 4258 δ’
1425 4203 1453 4262 ἐν

415 4278 543 4360 τῷαύτῷ
557 4273 622 4356 φησὶ
637 4273 726 4360 λόγῳ,
739 4276 802 4348 τοὺς
815 4275 877 4339 τότε
892 4277 974 4363 ἱεροὺς
988 4275 1150 4351 ἐπισκόπους
1163 4286 1341 4366 πεπενςοῖθοᾳ
1355 4283 1405 4363 μὲν
1419 4284 1451 4345 ri

415 4360 442 4423 ir
461 4365 495 4445 τῇ
515 4357 689 4446 Μαξνμῖλλῃ
706 4366 821 4440 πνεῦμα
839 4361 987 4447 ὃοελέγξονν·
1013 4361 1180 4442 assensibus
1202 4364 1229 4427 δὲ
1251 4368 1324 4449 πρὸς
1345 4366 1453 4452 ἑτέρων,

416 4443 616 4531 νυνιργοῦντοον
630 4445 731 4522 δηλαδὴ
744 4450 784 4530 τῷ
799 4446 951 4527 πνεύματι.
973 4448 1073 4530 γράφει
1088 4448 1115 4509 δὲ
1130 4447 1225 4524 οὕτως.
1247 4455 1321 4513 ΚΑΙ
1341 4454 1379 4531 μὴ
1400 4467 1452 4515 λε-

416 4528 490 4615 γέτω
505 4530 567 4595 bec.
604 4528 713 4614 Refert
732 4541 886 4613 praeterea
901 4532 934 4595 in
948 4533 1051 4595 eodem
1066 4531 1142 4597 libro
1160 4534 1367 4598 sanctissimos
1386 4538 1452 4621 epi-

418 4629 517 4699 scopos
537 4613 685 4700 spiritam
706 4614 798 4679 illam
821 4616 876 4702 qai
898 4617 932 4681 in
952 4616 1141 4683 Mammilla
1162 4618 1324 4696 residebat,
1345 4622 1453 4707 confir·

420 4710 485 4765 tare
496 4710 620 4767 conatos
634 4700 757 4788 quidem
769 4701 876 4788 fnisse
885 4730 899 4785 ,-
920 4702 975 4770 sed
993 4701 1032 4768 alr
1050 4701 1123 4769 aliis
1142 4704 1198 4791 qni
1215 4704 1342 4789 spiritui
1351 4706 1451 4794 fave·
