4092 5675
488 776 553 859 506
827 767 1186 839 mnorarroms
1255 747 1258 752 '
1314 743 1356 798 ·'

489 954 608 1093 §pente
622 943 768 1031 podismal
781 956 853 1007 orta
866 943 1000 1010 videtur.
1022 945 1193 1009 STno'rn.
1223 944 1434 1030 σμοσλαΰὸντες
1447 944 1525 1011 MS.

535 1028 588 1093 vil.
602 1051 659 1093 seu
674 1027 766 1093 Bodl.

534 1116 568 1178 P.
577 1128 648 1181 481.
661 1114 684 1178 l.
699 1130 746 1178 15.
768 1116 979 1199 ὑπομνημάτων]
995 1114 1094 1201 Quod
1108 1137 1204 1202 supra
1214 1116 1464 1196 observavimus,
1476 1141 1525 1182 er-

488 1222 558 1265 rare
573 1201 670 1286 vulga
684 1202 870 1287 interpretes
891 1202 925 1264 in
945 1201 1041 1288 hujus
1059 1203 1143 1265 vocis
1163 1202 1386 1287 explicatione,
1403 1204 1437 1267 id
1452 1226 1525 1289 per-
1553 1213 1559 1228 ⁴

484 1310 501 1350 s
527 1287 634 1350 icuum
662 1286 697 1350 fit
720 1287 782 1350 hoc
802 1286 885 1351 loca.
929 1288 1017 1350 Nam
1040 1301 1073 1351 et
1095 1289 1227 1373 Langus
1249 1302 1282 1351 et
1303 1290 1479 1352 Masculus
1494 1303 1526 1353 et

520 1371 802 1458 hristaphorsonus
830 1373 1061 1436 commentarios
1088 1373 1285 1458 interpretati
1315 1388 1417 1452 sunt;
1450 1397 1524 1438 cum

487 1472 559 1523 acta
580 1480 638 1522 seu
658 1470 750 1544 gesta
770 1471 889 1521 vertere
910 1457 1105 1523 debuissent.
1149 1460 1234 1523 Acta
1255 1472 1363 1522 autem
1388 1460 1444 1523 illa
1463 1462 1523 1547 Sy-

486 1544 563 1609 nodi
578 1544 801 1622 Antiochense,
818 1544 896 1607 nihil
914 1544 1000 1608 aliud
1020 1558 1110 1608 erant
1125 1566 1220 1630 quam
1241 1545 1419 1630 disputatio
1440 1546 1525 1609 Mal·

487 1630 612 1694 chianis
638 1631 785 1694 adversus
813 1630 947 1694 Paulum
971 1631 1228 1708 Samosatenum,
1251 1654 1325 1716 quae
1351 1653 1370 1694 a
1395 1632 1525 1694 notariis

486 1730 620 1815 excepta
634 1717 747 1793 fuerat,
762 1729 799 1779 ut
814 1735 910 1800 supra
925 1715 1005 1780 dixit
1021 1716 1190 1780 Eusebius.
1226 1718 1274 1779 Ex
1289 1716 1327 1779 iis
1341 1716 1422 1779 actis
1437 1717 1528 1781 testi·'

486 1823 598 1865 monta
621 1801 769 1887 quaedam
795 1802 916 1887 profert
940 1801 1094 1865 Leontius
1120 1802 1295 1889 Byzantius
1317 1801 1349 1865 in
1371 1802 1458 1866 libro
1478 1802 1522 1865 iii.

485 1901 598 1950 contra
619 1886 818 1963 Nestorium,
841 1907 942 1971 eaque
967 1886 1165 1973 distinguere
1187 1886 1310 1950 videtur
1335 1909 1353 1949 a
1379 1888 1523 1973 disputa·

484 1972 573 2037 tione
588 1971 783 2037 Malchionis
798 1987 910 2035 contra
928 1973 1072 2036 Paulam.
1095 1973 1152 2036 ubi
1172 1972 1267 2036 etiam
1287 1971 1406 2036 doctus
1427 1976 1522 2037 inter·

484 2080 557 2145 pres
572 2056 804 2121 commentarios
818 2057 922 2121 vertit.
938 2059 1145 2122 Vauasrus.
1173 2059 1220 2121 At
1233 2058 1389 2144 quicquid
1404 2058 1446 2123 de
1460 2062 1529 2134 La·¹

485 2146 552 2209 tina
575 2143 834 2229 interpretatione
848 2144 934 2207 vocis
954 2146 1153 2226 ὑπομνημάτων
1173 2144 1377 2208 statuendum
1395 2145 1447 2223 sit,
1461 2146 1522 2209 hoa

385 2237 390 2250 ‘
486 2245 612 2296 constat
626 2251 665 2293 ex
678 2243 805 2314 patrum
826 2228 943 2292 horum
962 2230 1048 2316 apud
1068 2230 1241 2294 Leontium
1255 2230 1368 2307 verbis,
1385 2232 1450 2310 φησὶ
1464 2229 1523 2293 ml-

484 2342 528 2382 νυν
557 2317 700 2397 (Paulus)
729 2319 755 2377 ἐν
781 2318 837 2389 τοῖς
862 2316 1049 2397 ὑπομνήμασι,
1076 2317 1194 2402 scripta
1208 2316 1318 2400 ipsius
1346 2316 1449 2395 Pauli,
1475 2316 1522 2380 vel

486 2402 572 2466 dicta
596 2402 677 2488 ejus,
700 2422 772 2487 quae
799 2400 913 2463 notarii
938 2400 1151 2486 excipiebant,
1171 2401 1204 2463 in
1228 2401 1342 2464 iisdem
1368 2401 1521 2466 extitisse.

485 2488 548 2552 Sed
564 2486 715 2573 quoniam
731 2486 820 2549 testis
836 2501 885 2549 est
901 2488 1066 2564 Leontius,
1082 2502 1205 2571 partem
1221 2485 1363 2565 illorum,
1377 2510 1451 2573 quae
1466 2486 1521 2550 de-

484 2573 620 2660 scripsit,
642 2572 683 2635 ad
707 2570 845 2635 Concilii
867 2572 1044 2657 Epistolam
1069 2571 1263 2658 Synodicam
1286 2573 1456 2657 pertinere,
1475 2573 1522 2636 id·

482 2660 570 2724 circo
584 2680 657 2745 pars
673 2657 727 2721 illa
740 2679 759 2719 a
773 2679 824 2719 me
839 2658 920 2721 infra
934 2656 1059 2745 adjecta
1073 2671 1133 2721 est.
1168 2658 1315 2742 Utraque
1331 2673 1440 2721 autem
1457 2657 1521 2721 dis·

482 2745 619 2832 putati0,
633 2758 699 2808 tam
718 2743 805 2807 Pauli
820 2743 968 2806 adversus
985 2743 1219 2821 Malchionem,
1235 2766 1333 2829 quam
1356 2744 1520 2808 Malchio-

483 2832 533 2895 nis
555 2828 610 2894 illa
632 2829 730 2893 Paulo
752 2828 959 2914 respondens,
976 2829 1115 2894 Concilii
1134 2830 1213 2894 actis
1232 2828 1341 2893 addita
1362 2829 1463 2894 fuisse
1476 2825 1520 2895 vi·

483 2915 588 2979 detur.
623 2913 688 2977 Adi
704 2914 745 2976 sis
761 2913 815 2976 illa
830 2937 901 2998 quae
918 2937 1012 2999 supra
1029 2929 1139 2979 notata
1153 2931 1227 2979 sunt
1243 2915 1284 2979 ad
1298 2936 1375 3001 pag.
1386 2930 1459 2991 475.

526 2998 609 3062 Ibid.
632 3001 693 3083 οὐχ’
715 3000 799 3075 iuteo
820 3001 861 3083 δὴ]
884 3001 910 3060 δὲ
933 3022 990 3084 pro
1013 3003 1042 3077 δὴ
1065 3002 1112 3064 ed.
1137 3000 1244 3084 Steplz.
1265 3016 1298 3064 et
1318 3001 1450 3085 Niceplt.
1470 3024 1520 3066 re·

481 3100 613 3152 vocante
628 3083 714 3148 idem
734 3084 767 3147 in
782 3084 833 3147 ed.
851 3106 941 3147 suam
963 3086 1120 3162 Strothio,
1137 3087 1193 3150 sed
1207 3086 1312 3150 minus
1328 3103 1429 3166 recte,
1445 3089 1519 3174 quia

480 3172 576 3237 verba
590 3177 613 3234 oi
631 3171 658 3233 δὲ
678 3173 713 3244 εἰς
732 3172 813 3233 αὐτὸν
835 3170 992 3247 ψάλλοντες
1011 3172 1240 3258 superioribuS,
1254 3174 1301 3234 τὸν
1322 3174 1373 3253 μὲν
1392 3178 1452 3260 γὰρ
1467 3174 1519 3237 υἱὸν

481 3264 517 3322 τῦ
532 3262 607 3335 est,
622 3268 838 3342 opponuntur.
860 3257 970 3321 Abest
985 3260 1013 3337 δὴ
1029 3280 1048 3320 a
1064 3257 1216 3344 Syncella.
1238 3283 1285 3320 oe
1299 3279 1360 3343 pro
1374 3257 1427 3320 dne
1442 3259 1518 3324 MS.

481 3342 574 3410 Bodl.
590 3356 623 3405 et
637 3341 767 3426 Nicepla.

525 3431 642 3495 Ρ.482.
665 3429 687 3491 l.
708 3443 734 3490 1.
756 3430 871 3512 ἑαυτῶν]
898 3432 987 3492 αὐτῶν
1012 3429 1059 3492 ed.
1085 3428 1191 3513 Steph.
1217 3444 1251 3494 et
1278 3431 1409 3516 Niceplt.
1453 3432 1518 3495 Hic

480 3536 609 3603 quoque
630 3513 708 3578 edit.
733 3513 845 3599 Steph.
870 3514 1039 3578 lectionem
1064 3516 1220 3579 revocavit
1246 3517 1430 3593 Strothius;
1460 3516 1523 3597 sed,

478 3623 552 3666 cum
571 3599 698 3665 Valesio
715 3599 836 3662 faciunt
851 3600 952 3663 MSS.
966 3598 1057 3662 Bodl.
1073 3612 1109 3662 et
1122 3601 1262 3685 Norfolc.
1280 3601 1516 3688 Spncellusque.

523 3685 606 3750 Ibid.
628 3686 649 3749 l.
664 3698 695 3747 4.
726 3684 917 3759 ostenderant
940 3689 1023 3747 αὐτοῦ
1044 3689 1192 3770 γυναῖκας]
1215 3687 1305 3773 Quid
1325 3701 1432 3751 essent
1449 3715 1516 3751 συν-

480 3771 603 3836 nicantes
626 3771 787 3848 mulieres,
805 3771 873 3857 jam
891 3771 1013 3856 pridem
1029 3772 1151 3834 notavit
1164 3774 1304 3836 Joannes
1327 3775 1458 3857 Langus
1472 3773 1518 3836 vir

476 3858 682 3923 doctissimus
700 3855 741 3920 ad
758 3857 877 3920 librum
892 3857 931 3919 vi.
948 3856 1126 3940 Nicephori
1142 3879 1211 3941 cap.
1224 3871 1273 3920 3ο.
1287 3872 1319 3921 et
1335 3874 1410 3944 post
1426 3859 1517 3922 illum

475 3945 595 4009 Beatus
620 3943 791 4006 Rhenanus
814 3942 855 4005 ad
875 3942 991 4005 librum
1007 3942 1058 4005 vii.
1076 3943 1192 4006 Rufini.
1237 3945 1387 4030 Quorum
1411 3943 1516 4007 doctis

477 4029 752 4095 observationibus
767 4027 846 4091 nihil
860 4041 909 4090 est
923 4027 1012 4113 quod
1026 4027 1192 4092 addamus.
1226 4028 1428 4114 Hujusmodi
1443 4053 1517 4092 mu-

476 4115 569 4179 lieres
591 4137 610 4177 a
631 4113 754 4177 clericis
769 4113 866 4198 vulgo
883 4135 1006 4176 sorores
1021 4113 1227 4177 vocabantur.
1274 4114 1312 4176 Id
1333 4137 1386 4177 me
1405 4112 1522 4179 docuit'

475 4220 579 4264 canon
594 4213 623 4261 3.
640 4198 779 4262 Concilii
799 4199 938 4277 Nicaeni,
954 4199 1009 4284 qui
1030 4198 1063 4262 in
1079 4200 1294 4263 vetustissimo
1309 4200 1422 4262 codice
1434 4200 1518 4264 Cor-

477 4283 601 4350 beiensi
615 4283 697 4346 hanc
713 4282 810 4346 habet
823 4283 1074 4369 inscriptionem,
1090 4286 1141 4347 De
1155 4284 1407 4362 subintroductis,
1422 4284 1457 4349 id
1470 4296 1516 4349 est

478 4367 631 4455 adoptivis
644 4366 805 4432 sororilas.
851 4370 899 4432 Ex
913 4369 1029 4455 quibus
1043 4369 1230 4454 explicanda
1243 4383 1292 4434 est
1307 4370 1359 4434 lex
1374 4372 1517 4434 Honorii

476 4469 526 4521 44.
549 4457 581 4518 in
604 4453 716 4518 codice
735 4452 861 4516 Theod.
886 4455 925 4518 de
948 4455 1105 4540 episcopis
1128 4469 1161 4519 et
1182 4455 1316 4519 clericis.
1355 4457 1442 4520 Eam
1461 4456 1518 4542 qui

473 4538 663 4628 prolalilem
683 4536 794 4602 saemlo
813 4538 1009 4623 disciplinam
1025 4540 1105 4625 agit,
1121 4541 1288 4604 decolorari
1303 4542 1451 4605 consortio
1464 4564 1515 4604 so-

476 4625 570 4690 rorioe
585 4622 803 4710 appellationis
818 4645 879 4686 non
893 4625 987 4701 decet,
1003 4625 1069 4689 &a
1115 4627 1168 4689 Sic
1182 4627 1279 4690 etiam
1295 4626 1419 4691 devotae
1439 4627 1515 4691 Deo

475 4710 612 4800 virgines
628 4709 786 4799 quosdam
801 4708 862 4773 sibi
875 4721 1042 4776 extraneos
1056 4711 1288 4800 adjungebant,
1302 4735 1386 4801 quos
1401 4713 1516 4779 francs
