4092 5675
736 765 788 829 ru
809 762 1031 832 sauream
1055 763 1309 832 cunonrcn.
1467 783 1537 852 a„

510 932 724 1013 “constituit,
737 935 779 999 ad
793 935 882 1022 quod
900 936 1060 1021 praeterita
1074 948 1229 1020 tempora,
1242 950 1276 1000 et
1288 957 1308 998 a
1321 957 1387 1021 quo
1402 957 1537 1022 sequen-

498 1020 590 1085 .“·tia
603 1019 788 1101 deduceret,
802 1026 878 1086 κατὰ
891 1022 1133 1110 προθαφαίρεσιν,
1148 1034 1185 1084 ut
1200 1021 1267 1106 ipse
1282 1021 1444 1108 loquitur3
1461 1026 1537 1086 κατὰ

506 1107 595 1188 “quit
609 1109 658 1184 τὴν
670 1106 825 1192 ἀφαίρεσιν,
839 1112 876 1182 alr
893 1113 931 1172 rai
949 1109 1155 1195 προηγούμενα·
1183 1112 1260 1172 κατὰ
1279 1110 1306 1170 δὲ
1327 1111 1375 1185 τὴν
1393 1107 1539 1194 πρόθεσιν

504 1197 581 1266 ‘fals
596 1195 637 1254 τὰ
652 1192 795 1274 lederna..
824 1196 849 1258 F
849 1193 964 1258 iduciae
977 1196 1126 1258 cumulus
1141 1194 1274 1257 accessit
1288 1194 1459 1258 auctoritas
1473 1194 1537 1257 Ta-

490 1283 529 1350 ,“
543 1277 636 1357 tiani,
660 1297 694 1342 et
717 1294 792 1363 post
816 1301 889 1343 eurn
918 1280 1104 1358 Clementis,
1129 1279 1185 1379 qui
1211 1281 1341 1344 Mosem
1366 1281 1537 1366 plusquam

503 1370 529 1436 ‘‚‘
543 1363 635 1430 mille
654 1367 744 1428 annis
765 1378 839 1428 ante
864 1365 999 1450 primam
1021 1365 1247 1452 Olympradem
1270 1367 1368 1432 fuisse
1388 1365 1539 1451 prodide-

503 1455 529 1490 “
543 1463 631 1524 runt,
674 1450 747 1514 Hac
762 1451 885 1535 epocha
900 1452 1035 1529 firmata,
1050 1453 1190 1537 quinque
1204 1451 1303 1516 libros
1320 1450 1538 1537 Chronologi-

490 1541 528 1596 .“
542 1555 600 1600 eos
614 1536 810 1600 contexuit.''
832 1558 865 1622 p.
881 1551 912 1600 2.
956 1539 1076 1601 lterurn
1100 1538 1142 1602 ad
1160 1558 1194 1622 p.
1208 1552 1239 1601 5.
1264 1539 1414 1624 “Neque
1435 1539 1536 1602 Euse-

502 1626 529 1668 “
541 1620 617 1686 bins
631 1643 734 1706 neque
747 1621 918 1687 Africanus
930 1622 972 1687 ad
987 1622 1189 1688 scribendum
1205 1644 1238 1686 se
1252 1623 1466 1699 contulerunt,
1478 1622 1538 1687 nisi

502 1711 529 1776 ‘,‘
541 1707 633 1792 prius
650 1707 794 1772 instructi
818 1708 926 1794 aliquo
945 1721 1039 1794 gesto
1062 1709 1237 1788 Hebraico,
1251 1709 1337 1796 quod
1357 1709 1389 1773 in
1410 1722 1538 1793 tempus

488 1796 529 1850 .“
542 1805 669 1858 eertum
690 1791 833 1860 historiae
847 1795 972 1858 Graecae
986 1794 1143 1874 inciderit,
1157 1794 1317 1876 λαὸόμενος,
1331 1795 1435 1904 inquit
1448 1793 1538 1858 Afri-

504 1883 530 1920 “
543 1895 657 1956 onnus,
668 1884 735 1958 μιᾶς
747 1879 879 1966 πράξεως
891 1878 1048 1966 Ἑέραιϊκῆς
1063 1879 1212 1967 ὁμοχρόνου
1222 1880 1327 1966 πράξει
1341 1887 1376 1963 ὑφ
1397 1880 1539 1958 Ἑλλήνων

503 1968 529 2006 “
542 1963 682 2063 lsnpqhalt
700 2009 710 2026 .
748 1965 861 2030 Omnis
876 1965 962 2030 enirn
977 1988 1049 2051 quae
1063 1966 1103 2030 de
1116 1980 1298 2052 temporum
1312 1966 1434 2038 ratione
1447 1965 1538 2030 insti-

502 2055 657 2128 “turtnn
672 1991 847 2136 disputatio
861 2052 1097 2116 munimentum
1112 2052 1210 2116 habet
1221 2066 1349 2137 tempus
1367 2063 1490 2116 certum
1505 2063 1540 2115 et

503 2139 528 2176 “
542 2133 724 2212 delinitum,
749 2135 838 2223 quod
860 2137 983 2201 Graecis
1004 2136 1122 2202 dicitur
1143 2137 1341 2224 παράπηγμα,
1363 2136 1540 2201 Censorino

501 2227 528 2268 ‘⁶
543 2218 680 2285 Titulus.
710 2221 750 2285 ld
762 2236 871 2288 autem
887 2221 1002 2308 duplex
1014 2235 1074 2301 est,
1091 2224 1136 2304 ἀφ’
1151 2222 1193 2302 ol,
1207 2223 1245 2304 ἐφ’
1261 2221 1285 2287 ὅ.
1316 2221 1412 2302 Unde,
1424 2232 1453 2286 et
1470 2242 1540 2307 quo.

503 2312 528 2348 “
540 2306 623 2370 Hoc
633 2318 693 2385 est,
705 2307 792 2378 unde
803 2308 941 2372 rationes
957 2321 1140 2392 temporum
1154 2306 1356 2372 deducuntur
1368 2320 1401 2370 et
1412 2329 1478 2393 quo
1490 2330 1540 2372 re·

504 2397 529 2433 “
543 2391 702 2458 feruntur.
725 2392 753 2456 Ii
764 2409 839 2458 sunt
848 2394 973 2457 termini
984 2393 1307 2471 intervallorum,uno
1318 2392 1402 2456 enim
1413 2405 1539 2462 tantum

504 2482 529 2516 “
542 2476 664 2564 posito,
679 2477 804 2546 nullum
819 2491 868 2544 est
886 2479 1097 2558 intervallum,
1112 2501 1177 2542 non
1197 2478 1302 2564 magis
1322 2500 1418 2565 quam
1438 2499 1541 2563 punc-

504 2568 530 2604 “
542 2576 616 2627 tum
630 2575 680 2632 est
694 2562 788 2629 linea.
832 2564 897 2636 Sed
933 2564 1208 2649 uodduopnncta
1221 2562 1396 2652 interjacet,
1410 2564 1443 2628 id
1456 2563 1542 2628 linea

503 2653 529 2690 ‘⁴
541 2660 613 2712 est:
640 2660 674 2712 et
697 2649 786 2736 quod
811 2649 893 2713 inter
911 2587 997 2715 duos
1018 2651 1184 2731 terminos,
1202 2650 1413 2715 intervallum.
1457 2650 1540 2714 Haec

504 2739 529 2774 “
542 2744 803 2815 commutantem
822 2738 854 2800 τὸ
869 2738 915 2818 ἀφ’
929 2736 959 2799 οὗ
973 2735 1060 2800 enim
1076 2748 1183 2822 potest
1196 2735 1263 2801 fieri
1276 2738 1308 2800 τὸ
1323 2737 1361 2817 ἐφ’
1375 2733 1401 2815 l,
1413 2734 1542 2822 quando

506 2825 530 2861 “
543 2818 700 2887 vetustior
724 2821 849 2907 epocha
872 2821 1054 2888 antecedit:
1084 2833 1118 2886 et
1137 2835 1260 2903 contra,
1281 2824 1314 2886 τὸ
1336 2824 1376 2905 ἐφ’
1398 2819 1412 2886 ὃ
1433 2834 1542 2909 potest

506 2912 533 2947 “
546 2924 618 2975 esne
637 2907 671 2969 τὸ
690 2909 738 2988 ἀφ’
763 2907 804 2987 οὗ,
825 2909 853 2972 si
873 2909 1030 2993 posterior
1050 2909 1176 2994 epocha
1196 2910 1258 2974 alia
1278 2908 1319 2973 ab
1340 2930 1381 2973 eo
1402 2908 1542 2973 deduca-

507 2998 531 3033 “
544 3004 610 3055 tur.
661 2991 695 3057 A
718 2993 823 3077 prima
848 2993 1054 3081 Olympiade,
1080 2996 1218 3081 exempli
1245 2994 1361 3081 gratia,
1386 2994 1427 3058 ad
1455 2995 1541 3059 hunc

507 3084 530 3117 “
545 3097 667 3141 anunm
699 3077 821 3143 Christi
846 3081 1083 3166 Dionysianum
1114 3101 1253 3144 mncvr.
1281 3080 1439 3145 fluxerunt
1467 3079 1543 3143 anni

507 3169 532 3203 “
547 3180 823 3228 mmccccxxxr.
874 3166 982 3251 Hujus
998 3165 1084 3229 anni¹
1109 3165 1173 3228 rior
1187 3165 1354 3242 terminus,
1370 3165 1433 3228 sive
1446 3165 1541 3252 παρίε-

509 3254 532 3288 “
544 3271 648 3331 πηγμα
670 3248 702 3310 τὸ
728 3251 774 3329 ἀφ’
801 3249 842 3326 οὗ,
868 3266 916 3315 est
941 3251 1045 3336 prima
1103 3250 1251 3335 lympias,
1276 3250 1307 3313 τὸ
1336 3251 1374 3328 ἐφ’
1402 3247 1542 3314 larinus

508 3339 533 3376 ‘⁴
547 3332 671 3403 Christi
684 3335 888 3420 propositus:
906 3337 1057 3400 Africano
1070 3335 1167 3420 igitur
1182 3336 1213 3398 τὸ
1228 3336 1275 3417 ἀφ’
1291 3334 1321 3397 οὗ
1336 3347 1386 3397 est
1398 3335 1541 3415 Euodus,

507 3424 531 3461 “
544 3417 587 3483 ad
604 3440 713 3504 quam,
727 3422 768 3483 ab
789 3420 908 3497 Adam,
928 3421 1067 3485 rationes
1089 3442 1159 3485 suas
1181 3419 1321 3485 deducit.
1343 3419 1374 3482 el
1396 3423 1436 3501 ἐφ’
1456 3419 1472 3482 ὃ
1493 3434 1543 3485 est

506 3510 530 3545 ‘⁶
545 3503 668 3589 primus
690 3526 791 3569 annus
814 3505 904 3593 Cyri,
918 3506 1111 3594 Olympiade
1135 3527 1194 3572 nv.
1215 3507 1391 3585 ineunte,a
1411 3527 1487 3590 qna,
1501 3504 1542 3571 ad

508 3594 532 3631 “
545 3610 593 3666 se,
608 3600 754 3675 tempora
769 3590 911 3656 deduxit.
956 3595 1069 3680 ltaque
1089 3605 1126 3656 ut
1149 3594 1237 3676 operi
1258 3615 1317 3656 suo
1336 3591 1542 3655 fundamenta

506 3680 531 3717 ‘⁶
546 3673 676 3753 'aceret,
690 3677 830 3760 primum
849 3677 1152 3763 apprehendendum
1169 3679 1229 3742 fuit
1242 3677 1371 3763 aliquod
1394 3676 1541 3741 interval·

503 3764 530 3801 ⁴‘
557 3782 625 3838 um,
654 3763 746 3848 cujus
773 3785 855 3827 unus
889 3765 1043 3829 terminus
1076 3764 1124 3828 vel
1156 3762 1419 3843 demonstrandus
1446 3775 1542 3842 esset,

506 3845 597 3913 “,vel
617 3866 676 3931 pro
698 3846 917 3913 demonstrato
942 3849 1161 3927 assumendus,
1184 3863 1221 3912 ut
1247 3863 1295 3912 est
1320 3848 1462 3927 Exodus,
1483 3870 1541 3913 cu-

507 3928 599 4018 “jus
624 3944 753 4081 tempus
777 3935 845 4018 ipse
875 3935 951 3999 satis
977 3935 1229 3999 demonstratum
1255 3955 1324 3997 esse
1352 3935 1474 4018 putavit
1502 3954 1542 3998 ex

505 4022 598 4094 “.eo,
621 4039 687 4103 quo
733 4019 854 4105 Apion,
877 4022 1049 4105 Josephns,
1075 4020 1265 4083 Ptolernaeus
1289 4019 1488 4096 Mendesius,
1507 4030 1542 4083 ct

505 4106 530 4143 “
545 4101 601 4167 alii
623 4116 755 4182 veteres,
773 4105 854 4167 illud
875 4107 906 4169 in
927 4106 1053 4171 initium
1076 4106 1185 4169 lnachi
1208 4105 1424 4169 contulerunt.
1467 4107 1542 4169 lno-

505 4187 646 4251 “chum
667 4210 740 4252 vero
758 4211 854 4255 mxx.
880 4191 970 4255 annis
991 4208 1064 4256 ante
1082 4193 1217 4277 primam
1233 4189 1459 4277 Olympiadem
1481 4192 1542 4257 flo-

506 4273 645 4337 “ruisse
671 4294 711 4338 ex
740 4276 931 4340 Philochoro
958 4277 1129 4341 didicerats
1175 4275 1240 4339 Sed
1266 4277 1405 4340 Eusebio
1432 4292 1542 4343 nostro

505 4356 746 4427 “intervallum
769 4362 1000 4447 aegesippum
1017 4377 1093 4427 sunt
1107 4362 1179 4425 anni
1196 4362 1398 4447 septuaginta
1412 4356 1543 4446 captivi-

506 4448 532 4483 “
545 4442 632 4516 tatis.
654 4444 685 4506 τὸ
701 4448 746 4523 ἀφ’
763 4445 792 4509 οὔ
807 4448 919 4511 statuit
933 4449 964 4511 in
978 4464 1074 4534 capto
1090 4445 1237 4525 Sedekia,
1250 4450 1281 4510 τὸ
1297 4451 1336 4527 ἐφ’
1353 4445 1367 4509 l
1381 4447 1415 4511 in
1429 4466 1543 4509 secun-

504 4533 530 4569 “
546 4526 592 4593 do
607 4550 691 4592 anno
713 4531 804 4594 Darii
828 4533 1047 4620 Hystaspidae.
1091 4534 1143 4597 De
1162 4532 1254 4597 initio
1275 4533 1359 4597 illius
1377 4529 1542 4609 intervalli,

504 4616 565 4685 “a
579 4633 658 4678 casu
673 4615 834 4694 Sedekiae,
849 4634 882 4681 et
903 4620 1014 4704 templi
1036 4618 1173 4697 excidio,
1190 4619 1309 4683 multos
1325 4631 1473 4681 auctores
1487 4615 1545 4680 ha·

503 4702 529 4743 “
544 4697 629 4779 buit,
642 4721 726 4786 quos
740 4718 936 4789 sequeretur.
957 4706 999 4770 de
1013 4705 1076 4771 fine
1089 4705 1158 4794 ipse
1169 4706 1304 4794 primus,
1314 4717 1349 4769 et
1360 4701 1449 4769 solua
1463 4701 1547 4769 vati·

1000 4804 1055 4856 11³
1454 4811 1456 4815 '
