4092 5675
827 1117 1393 1219 ANNOTATIONES

687 1368 943 1456 ΙΝἈΝΟΝ.
973 1367 1281 1449 AUCTOREM
1311 1364 1535 1447 CONTRA

902 1526 1316 1608 CATAPHRYGAS.

975 1791 1248 1848 -ι--Φ--ᾗυ

638 1996 673 2059 Ρ.
684 2007 733 2071 73.
747 1994 769 2060 l.
782 2009 811 2059 8.
832 1997 888 2058 Ἐκ
902 1993 1011 2067 ortena
1027 1990 1078 2055 loe
1093 1992 1167 2077 διο]
1184 1994 1266 2059 Haec
1280 1994 1434 2080 praemisit
1449 1994 1628 2062 Eusebius:

594 2083 670 2169 Πρὸς
684 2082 734 2164 μὲν
749 2080 793 2144 οὖν
808 2085 855 2159 τὴν
873 2079 1021 2166 λεγομένην
1041 2081 1117 2141 κατὰ
1136 2079 1253 2163 Φρύγας
1271 2081 1385 2164 αἵρεσιν,
1398 2079 1479 2144 ὅπλον
1494 2082 1628 2169 ἲχνςόνιῇ

594 2165 804 2252 ἂκοιταγῶνιςον
818 2168 860 2229 ἐπὶ
874 2172 921 2242 τῆς
933 2163 1109 2249 ‘lopertum
1127 2164 1172 2226 τὸν
1190 2164 1390 2277 Ἀπολινίιριον,
1404 2166 1434 2230 οὗ
1448 2167 1495 2229 καὶ
1510 2166 1629 2252 ωρὸθιν

593 2254 699 2335 μνήμην
722 2257 734 2313 ὁ
755 2252 838 2337 λόγος
857 2251 1002 2329 πεποίητο.
1021 2250 1089 2333 (lib.
1101 2249 1141 2312 iv.
1156 2271 1226 2337 cap.
1239 2254 1301 2333 27.)
1319 2264 1421 2326 ωλλονς
1438 2277 1469 2314 τε
1487 2253 1537 2315 σὺν
1550 2256 1629 2338 αὐτῷ

538 2399 541 2404 .
594 2338 702 2412 πλείους
727 2346 780 2401 τῶν
803 2338 927 2414 τηνικάδε
949 2336 1051 2422 λογίων
1075 2339 1185 2419 ἀνδρῶν,
1208 2344 1222 2413 ἡ
1245 2343 1292 2412 τῆς
1312 2336 1444 2412 ἀληθείας
1463 2336 1628 2446 ὑπέρροιχος

463 2451 467 2458 ·
504 2476 509 2482 .
594 2422 671 2499 ἄνι’ςη
686 2421 805 2503 δύναμις·
829 2427 859 2500 ἐξ
871 2421 906 2486 ὧν
923 2425 969 2485 καὶ
986 2426 1048 2504 ἡμῖν
1066 2420 1167 2505 impias
1183 2422 1290 2500 ωλείςη
1303 2448 1345 2513 ru
1360 2421 1486 2495 ὑπόθεσις
1499 2437 1628 2486 aaran·

593 2510 703 2585 λειπῖοη.
718 2509 869 2592 ἀρχόμενος
881 2510 935 2593 γέν
950 2513 997 2583 τῆς
1012 2508 1075 2568 κατ’
1088 2510 1176 2568 αὐτῶν
1190 2514 1297 2593 γραφῆς
1309 2516 1361 2570 τῶν
1373 2506 1513 2594 εἰρημένων
1527 2508 1556 2584 δή
1571 2534 1626 2588 τις,

594 2600 706 2677 πρᾶνιον
728 2591 932 2671 interpolentur
950 2594 985 2665 ὠς
1004 2591 1051 2653 nal
1070 2591 1205 2676 ἀγράφοις
1223 2596 1278 2666 τοῖς
1296 2594 1359 2654 κατ’
1374 2597 1462 2656 αὐτῶν
1482 2592 1627 2670 ἐπεξέλθοι

593 2677 736 2762 ἐλέγχοις.
758 2676 968 2760 ωροοιμιίιζετοη
981 2683 1048 2758 γοῦν
1060 2680 1142 2738 reiron
1154 2679 1200 2739 τὸν
1215 2677 1320 2763 τρόπον·
1344 2680 1412 2740 ’EK
1426 2677 1546 2748 οιλείςου
1560 2677 1627 2743 ὅσον
1671 2751 1673 2760 Ι

594 2764 654 2826 &a
697 2762 742 2826 Et
770 2761 913 2825 aduersus
939 2759 1212 2848 Cataplrpgarum
1238 2762 1361 2849 quidam
1387 2761 1529 2827 lraeresim
1550 2778 1627 2850 pro-

589 2859 752 2944 pugnator
767 2847 907 2912 ceritatis
927 2849 1024 2925 Dens,
1040 2857 1106 2909 tum
1120 2846 1335 2931 Apollinarem
1350 2848 1628 2933 Hierapolitanum

593 2955 679 3017 cupas
694 2948 788 3017 supra
802 2933 1006 3011 nteminimus,
1020 2943 1086 2995 tum
1100 2932 1178 2996 alios
1192 2954 1260 2996 orem
1275 2931 1328 2997 illo
1343 2933 1541 3021 quamplures
1554 2935 1628 3001 doc·

594 3020 682 3082 trina
696 3030 726 3082 et
740 3018 914 3104 eloquentia
931 3028 1128 3103 praestantes,
1144 3029 1293 3104 tanquam
1312 3019 1451 3082 ualidum
1464 3031 1558 3107 atque
1574 3020 1627 3086 in-

592 3103 708 3169 uictum
732 3104 827 3167 telum
851 3103 1008 3168 excitauit.
1045 3104 1078 3167 A
1104 3102 1213 3190 quilius
1239 3104 1332 3168 etiam
1357 3103 1513 3169 uberrima
1538 3106 1626 3172 nolis

593 3188 727 3254 materia
742 3190 783 3253 ad
793 3201 979 3274 praesentem
992 3188 1152 3253 lristoriam
1167 3188 1276 3253 relicta
1290 3200 1345 3254 est.
1373 3191 1457 3255 Unus
1472 3189 1627 3278 igiturex

593 3275 659 3340 illis
684 3275 803 3360 inipso
825 3274 977 3362 principio
1004 3274 1102 3360 operis
1128 3275 1209 3362 qnod
1233 3274 1378 3339 adnuens
1405 3275 1627 3364 Cataplrygas

593 3361 769 3446 composuit,
785 3361 874 3445 prius
895 3383 926 3425 se
943 3383 1010 3424 cnm
1032 3359 1098 3424 illis
1115 3361 1199 3424 nuda
1213 3383 1282 3424 noce
1295 3359 1456 3424 dimicasse
1468 3360 1624 3443 admonet,

593 3469 757 3533 eorumque
775 3469 888 3509 errores
908 3445 1090 3531 coarguisse.
1129 3445 1180 3508 Sic
1194 3444 1274 3508 enim
1290 3468 1455 3509 sermonem
1468 3468 1558 3510 suum
1574 3470 1627 3511 or·

593 3531 703 3595 ditur:
728 3531 832 3595 CUM
847 3530 1039 3615 jamdudum
1055 3531 1114 3593 uc.
1158 3531 1223 3593 Hic
1244 3544 1352 3594 autem
1374 3530 1415 3595 ad
1436 3532 1531 3596 verba
1551 3536 1625 3620 εἰρη-

591 3614 679 3700 μένων
693 3616 722 3693 bi
736 3642 777 3688 τις
791 3616 835 3679 ait
848 3615 994 3678 Valesius
1008 3640 1016 3678 ι
1046 3617 1097 3678 Ita
1112 3614 1243 3713 quidem
1259 3638 1298 3679 ex
1311 3615 1422 3680 codice
1437 3617 1540 3702 Regio
1554 3618 1627 3683 edi-

592 3701 642 3766 dit
656 3701 739 3765 Rob.
756 3699 947 3785 Stephanus.
983 3702 1105 3763 Verum
1121 3722 1153 3763 m
1168 3701 1298 3784 optimis
1313 3701 1478 3766 codicibus
1498 3704 1624 3770 Mazar.

591 3810 630 3852 ac
645 3786 736 3851 Med.
752 3786 867 3850 desunt
881 3785 953 3849 duae
968 3798 1140 3870 postremae
1155 3807 1247 3849 voces
1260 3787 1289 3863 δή
1303 3813 1354 3861 τις.
1389 3788 1426 3849 In
1443 3787 1626 3855 Fuketiano

592 3888 700 3937 autem
720 3873 765 3935 ita
787 3872 940 3956 scriptum
963 3871 1100 3935 habetur
1116 3876 1168 3932 τῶν
1188 3872 1339 3955 εἰρημένων,
1354 3872 1399 3948 ἤδη
1420 3881 1543 3956 πρῶτον,
1562 3875 1624 3940 &c.

593 3959 692 4021 Porro
707 3958 851 4042 quisnam
874 3956 916 4019 sit
936 3956 997 4021 iste
1016 3979 1056 4020 ex
1075 3950 1264 4042 cujus'libro
1279 3957 1426 4021 adversus
1442 3957 1626 4046 Catapbry-

591 4064 651 4129 gas
666 4042 885 4107 testimonium
906 4041 958 4104 hic
980 4042 1085 4106 adfert
1106 4041 1274 4119 Eusebius,
1289 4042 1381 4106 variae
1396 4057 1471 4107 sunt
1485 4044 1623 4129 scripto·

592 4150 665 4192 rum
679 4128 855 4211 opiniones.
899 4127 1033 4190 Rufinus
1047 4127 1177 4213 quidem
1192 4140 1225 4190 et
1238 4129 1271 4191 N
1274 4127 1444 4212 icepborus
1460 4129 1493 4191 in
1505 4129 1566 4197 lib.
1581 4131 1623 4197 iv.

591 4235 662 4299 cap.
674 4227 723 4277 23.
739 4235 858 4299 eosque
873 4228 1001 4276 secutus
1016 4213 1183 4290 Batonius,
1199 4212 1284 4277 bunc
1298 4213 1328 4276 A
1354 4213 1521 4277 ollinarem
1540 4216 1623 4279 Hie-

590 4297 805 4385 rapolitunum
824 4321 900 4362 esse·
913 4298 1144 4375 existimarunt,
1160 4319 1255 4382 quem
1271 4234 1367 4382 paulo
1382 4312 1456 4362 ante
1474 4299 1622 4365 nomina·

590 4385 636 4448 vit
659 4383 825 4448 Eusebius.
870 4384 1089 4482 Hieronymus
1109 4382 1234 4446 veroin
1255 4383 1336 4446 libro
1354 4382 1393 4446 de
1413 4384 1623 4469 scriptoribus

591 4468 822 4533 aeclesiasticis
846 4468 1058 4554 Apollonium
1084 4489 1152 4531 esse
1177 4467 1323 4546 credidit,
1343 4469 1480 4554 graviori
1504 4490 1621 4534 errore.

592 4553 684 4622 Idem
702 4568 809 4619 tamen
829 4553 869 4617 de
889 4553 1039 4617 Miltiade
1058 4553 1203 4638 loquens,
1219 4553 1410 4618 Rhodonem
1432 4553 1529 4618 hu'us
1549 4554 1623 4619 libri

591 4652 755 4714 auctorem
772 4638 893 4706 videtur
906 4639 1021 4705 facere.
1064 4640 1151 4705 Nam
1167 4639 1199 4703 in
1215 4639 1391 4726 Apollonio
1406 4577 1536 4731 quidem
1551 4640 1621 4707 haee
