4092 5675
552 738 1349 829 INB.ALEXANDR1H1EROS.FRAGM;'
1415 767 1461 853 ‘4⁷-

418 933 518 1017 quem
540 941 699 996 memorat
721 929 901 1015 Stephanus
924 930 1074 995 Gobarus
1094 930 1180 1016 apud
1200 930 1357 1012 Photinus,
1374 930 1458 998 cod.

420 1016 665 1081 ccxxxl1.his
681 1016 805 1081 verbis:
829 1017 887 1079 Καὶ
902 1018 1083 1103 Ἀλέξανδρος
1097 1022 1110 1078 ὁ
1123 1018 1302 1104 Ἱεραπολέοιν
1318 1018 1460 1105 (corrigo

420 1102 556 1167 fidenter
577 1102 786 1187 Ἱεροσολύμων,
809 1103 842 1165 ni
862 1102 930 1188 ipse
951 1103 1078 1167 errabat
1099 1103 1292 1188 Stephanus)
1315 1104 1461 1181 ἐπίσκοπος

418 1189 565 1275 ᾐμοίρτος
579 1189 652 1273 arpis
665 1188 712 1249 τὸν
725 1190 805 1251 uiris
818 1187 964 1273 Ὠριγίνην
977 1188 1102 1276 γράφων,
1117 1188 1182 1253 λίοιν
1197 1194 1339 1268 οίιιειοῦτοη
1351 1192 1398 1254 τδν
1411 1190 1460 1255 σ’ίν·

419 1276 436 1336 δ
452 1300 473 1337 οι
487 1277 544 1349 τοῖς
560 1274 666 1357 λόγοις.
701 1274 825 1359 Quanti
840 1288 947 1338 autem
963 1274 1098 1338 vicissim
1115 1274 1275 1360 optimum
1289 1277 1460 1374 praesulem

453 1358 642 1425 texandrum
656 1357 767 1423 fecerit
782 1360 949 1445 Origenes,
966 1373 1124 1423 testantur
1140 1361 1236 1424 verba
1254 1360 1322 1425 inst.
1339 1362 1461 1429 Hamil.

421 1448 493 1512 e'us
509 1445 542 1509 in
557 1444 689 1509 Linum
711 1444 897 1532 Regnorum.
945 1446 996 1509 Sic
1014 1468 1086 1533 ergo
1105 1444 1319 1533 intelligamus
1344 1448 1462 1534 (inquit

422 1470 594 1617 (inigenes)
611 1541 641 1595 et
664 1528 698 1592 in
719 1552 753 1593 eo
774 1553 847 1617 agro
863 1554 953 1618 quern
974 1532 1061 1594 Deris
1079 1528 1219 1615 plantat,
1233 1532 1308 1618 quia
1323 1555 1384 1598 non
1397 1555 1462 1600 una

421 1617 488 1683 sola
502 1616 647 1680 arborum
660 1615 775 1699 species
787 1628 843 1696 est,
856 1640 929 1704 quoe
943 1628 1066 1680 tanturn
1082 1615 1282 1702 duiciaferat
1294 1632 1397 1703 poma,
1409 1619 1464 1685 sed

422 1703 533 1791 aliqua
545 1700 662 1779 dulna,
677 1699 788 1788 aliqua
802 1714 937 1781 austera,
949 1725 1015 1766 suae
1031 1713 1133 1765 tamon
1146 1703 1383 1791 unumquodque
1396 1704 1462 1769 uti·

423 1788 525 1854 litatis
540 1799 571 1851 et
584 1786 715 1875 gratiae.
752 1787 859 1852 Nolite
873 1811 943 1875 ergo
959 1788 992 1850 in
1006 1788 1092 1852 nobis
1107 1786 1189 1851 illud
1200 1789 1365 1875 requirere,
1381 1789 1464 1878 quod

422 1876 456 1941 in
472 1888 562 1961 popa
575 1872 755 1937 Atsooodro
772 1872 901 1942 trahetis.
938 1875 1086 1937 Faternur
1100 1874 1181 1937 eninr
1197 1875 1279 1962 quod
1292 1896 1396 1941 ornnes
1407 1898 1463 1942 nos

423 1970 550 2047 οιιρενοί
572 1958 735 2045 ingratia
760 1956 908 2024 lenitatis
956 1961 1052 2044 Cujus
1073 1958 1193 2047 grotioe
1214 1982 1276 2023 non
1298 1960 1380 2026 solus
1405 1985 1464 2050 ego

419 2046 612 2133 praedicator
625 2044 734 2124 existo,
750 2046 804 2109 sed
817 2068 867 2110 uos
881 2067 982 2109 ornnes
1000 2044 1120 2130 experti
1140 2046 1320 2133 cognoscitis
1340 2058 1372 2111 et
1387 2065 1464 2134 pro·

405 2133 515 2198 iotis.
550 2131 598 2194 Et
613 2129 678 2193 ideo
693 2130 829 2215 ejusdem
844 2131 968 2219 quidem
987 2131 1058 2220 agri
1076 2130 1282 2215 piantoe'esse
1299 2148 1463 2217 possumus

422 2231 453 2285 et
468 2228 622 2305 optamus,
637 2238 698 2280 non
714 2228 816 2280 tomen
830 2218 957 2281 mandem
971 2234 1111 2303 saporem
1125 2217 1260 2281 reddere.
1298 2218 1464 2303 Infracti-

424 2304 479 2370 tos
500 2301 626 2392 quidem
647 2302 827 2387 confitemur
847 2326 900 2367 nos
919 2302 1029 2367 iniere
1049 2302 1173 2388 aliquid
1195 2302 1415 2367 amaritudinis
1431 2304 1464 2371 in

424 2406 545 2475 sapore,
559 2397 615 2452 aut
630 2386 722 2473 forte
745 2388 827 2475 quod
848 2389 971 2453 uidetur
993 2386 1107 2474 tnagis,
1132 2387 1288 2473 quamsit
1310 2410 1463 2472 omarum,

424 2475 504 2564 quia
527 2496 622 2539 serrno
649 2474 849 2558 correptionis
871 2493 995 2537 amarus
1019 2473 1142 2559 quidem
1164 2472 1370 2537 videturesse
1389 2475 1465 2541 dum

425 2560 566 2645 corripit,
585 2556 694 2635 ,doleis
717 2570 822 2624 aroteon
847 2560 990 2646 officitur,
1015 2582 1085 2623 curn
1109 2558 1263 2623 emendat.
1294 2561 1370 2626 Vct.
1390 2563 1464 2627 Lat.

423 2648 552 2717 Versio.
567 2666 601 2731 p.
613 2658 685 2709 481.
698 2660 779 2710 tom.
790 2646 824 2711 ii.
840 2648 891 2711 ed.
908 2647 1083 2711 Delaman.

427 2776 434 2782 -
468 2734 504 2798 P.
515 2730 608 2839 4031.
623 2730 893 2882 ᾒὶςμὲνηάοῖσολος]
909 2733 1011 2808 ἄσυλος
1026 2731 1135 2818 διαμένῃ
1148 2732 1225 2795 MS.
1238 2732 1379 2818 Norfolc.
1402 2733 1466 2815 μεί-

492 2842 530 2885 ro
692 2864 700 2880 .
745 2843 760 2881 o
798 2867 806 2882 .
993 2863 996 2869 .

424 2846 453 2957 iv
469 2843 655 2971 ibidibiivw.
679 2901 696 2989 ᾗ
711 2906 758 2966 καί
773 2903 953 2989 βεῦαιοτέρα]
971 2903 1085 2968 Nescit
1098 2904 1169 2966 haec
1184 2904 1279 2968 verba
1294 2905 1370 2970 MS.
1383 2904 1467 2970 Nor·-

415 2991 499 3079 folc.
514 2987 579 3074 etsi
594 2989 725 3075 quidem
740 2989 834 3054 abest
848 2990 889 3053 ab
906 2990 953 3053 ed.
972 2989 1078 3074 Stepio.
1121 2991 1203 3053 Mox
1222 2989 1333 3054 deesse
1353 2990 1466 3068 ὲκείιοος

424 3078 512 3166 :pud
528 3074 737 3160 Nicephorum
751 3090 842 3140 notat
859 3075 1033 3140 strothius.

470 3161 606 3228 Ibid..l.
627 3172 676 3224 24.
707 3161 880 3244 Πάνταιιοι]
909 3161 962 3225 De
991 3163 1185 3224 Psessoi-:no
1213 3157 1277 3223 vid.
1304 3182 1402 3247 supra
1425 3162 1467 3227 ad

427 3272 501 3337 pag.
513 3259 589 3322 337.·
601 3246 663 3310 vol.
679 3247 705 3309 Ι.
750 3248 867 3311 Statim
881 3263 958 3333 post
971 3246 1063 3309 deest
1078 3246 1191 3309 vocula
1207 3247 1243 3318 ὠς
1263 3260 1337 3310 ante
1355 3252 1468 3325 άληθῶς

427 3337 461 3400 in
477 3335 554 3399 MS.
571 3331 710 3416 Norsol.
970 3385 973 3391 .
1001 3333 1005 3339 “
1207 3373 1209 3376 >
1347 3345 1351 3350 ·

433 3463 437 3469 -
472 3423 572 3485 Ρ.41.
591 3418 655 3566 liss.
678 3417 767 3504 κῦριίν
789 3444 842 3502 μον
865 3420 912 3482 καί
934 3416 1073 3502 ἀδελφόν]
1099 3414 1187 3502 κῦριον
1210 3416 1257 3478 καί
1280 3416 1394 3499 ἀδελφόν
1415 3436 1471 3499 pou

428 3508 505 3572 MS.
521 3506 617 3570 Boot.
1381 3542 1384 3549 ·

471 3592 556 3657 Ibid.
571 3590 594 3654 l.
609 3601 654 3652 12.
678 3589 843 3676 Προοίθηκε
860 3591 887 3652 δὲ
904 3589 978 3673 διο]
993 3587 1151 3652 Eusebius
1166 3587 1254 3671 prius
1269 3587 1310 3650 de
1326 3587 1470 3674 Origene

428 3678 499 3743 haee
517 3687 677 3762 posuerat.
715 3675 804 3748 Αὖθις
826 3676 868 3738 tri
890 3679 938 3752 τὴν
959 3674 1166 3759 Ἀλεξάνδρων
1186 3673 1302 3759 ἐπανῄει.
1323 3673 1422 3760 χρόνον
1442 3675 1471 3737 δῦ

429 3767 536 3848 μεταξὺ
555 3759 756 3845 διαγενομένου,
779 3766 807 3823 οῦ
827 3768 946 3847 σμικροῦ
971 3764 1045 3823 κατοὶ
1066 3755 1121 3837 τὴν
1135 3757 1222 3822 ττίλιν
1243 3759 1472 3846 ἀναρριτιθέντος

429 3851 571 3932 πολέμου·
595 3846 750 3924 infers-&air
764 3854 811 3923 τῆς
825 3845 1046 3932 Ἀλεξανδρείας,
1060 3847 1082 3930 ’i
1097 3850 1135 3927 μὴ
1150 3846 1177 3906 δὲ
1193 3851 1244 3919 τοὶς
1258 3849 1320 3908 κατ’
1336 3843 1472 3929 Αίγοπίον

430 3933 571 4020 διατριῦοὶς
592 3937 727 4013 ἀσφαλεῖς
751 3936 839 4018 ἑαυτοῦ
862 3932 1017 4016 ἡγούμενος·
1045 3930 1133 3993 inicio
1154 3931 1196 3991 ἐπὶ
1217 3930 1393 4007 Παλαιςίνης
1416 3933 1471 4012 (an

431 4020 641 4099 Παλαιςίνηνδ)
667 4023 694 4079 ἐν
717 4018 878 4103 Καισαρείᾳ
896 4023 947 4091 τὰς
966 4015 1104 4100 διατριίίοὶς
1119 4019 1241 4079 ἐποιεῖτο·
1265 4015 1331 4078 ἔνθα
1345 4017 1392 4079 καὶ
1407 4017 1470 4079 διοι-

430 4107 568 4191 λέγεθαη,
582 4106 633 4178 τάς
647 4130 678 4166 τε
691 4103 769 4177 θείας
784 4105 930 4190 ἑρμηνεύειν
944 4107 1055 4188 γραφὰς
1072 4103 1114 4164 tort
1129 4107 1176 4163 τοῦ
1192 4108 1278 4164 κοινοῦ
1298 4108 1346 4178 της
1367 4107 1471 4180 ἐναλη-

431 4193 495 4267 σίας
519 4198 543 4254 οί
563 4192 626 4276 τῇδε
651 4189 806 4267 ἐπίσκοποι,
831 4190 920 4251 καίτοι
943 4194 989 4264 τῆς
1012 4193 1060 4251 τοῦ
1080 4186 1280 4272 ττρεσῦιιτερίοο
1302 4187 1473 4274 χειροτονίας

433 4278 522 4340 ἒδὲτοι
538 4277 715 4360 τετυχηκότα
731 4273 811 4337 oriris
825 4274 912 4352 η’ξίεν.
934 4271 948 4336 δ
964 4275 985 4358 ιδ
1002 4271 1070 4335 utino*
1083 4273 1181 4356 γένοιτ’
1197 4271 1229 4334 ἂν
1244 4273 1364 4351 ἔκδηλον,
1376 4275 1422 4355 ἀφ’
1435 4271 1473 4337 oio

432 4365 499 4449 στερδ
515 4363 610 4426 τοῦτον
626 4363 774 4446 Δημητρίῳ
792 4361 954 4445 γράφοντες,
968 4359 1153 4443 Ἀλέξανδρος
1168 4363 1181 4420 ὁ
1196 4359 1394 4442 Ἱεροσολύμων
1415 4357 1474 4420 irri-

432 4475 535 4522 σιιοτος
548 4449 570 4534 ιζ,
585 4448 765 4520 Θεόκτιςοςδ
782 4445 964 4529 Καισαρείας,
978 4443 1028 4507 itt
1040 4472 1097 4517 τοις
1111 4447 1321 4529 ἀπολογοῦνται·
1344 4442 1474 4509 ΠΡΟΣ·

434 4539 585 4598 ΕΘΗΚΕ
599 4535 626 4594 δὲ
639 4533 699 4595 &u
726 4530 956 4595 Alexandriani
970 4552 1126 4617 regressos
1137 4541 1193 4592 est.
1216 4529 1390 4614 Aliquanto
1403 4538 1474 4611 post

434 4633 570 4705 ternpore
593 4640 663 4681 οιιιιι
683 4615 889 4680 Alexandriae
915 4615 1135 4703 grauissimum
1164 4614 1279 4678 belluno
1301 4612 1474 4676 excitatum

422 4705 567 4791 fuisset:
597 4703 680 4768 clam
706 4701 778 4767 inde
802 4701 979 4790 aufugiens
1001 4725 1040 4766 ac
1061 4725 1101 4766 ne
1127 4700 1160 4765 in
1182 4702 1325 4786 AEgypto
1350 4699 1474 4786 quidem
