4092 5675
709 754 883 821 mem
905 754 1207 823 misianum,
1428 778 1479 847 32,-

437 924 505 996 fere
523 925 712 1009 Inngos'et
734 925 1014 991 Musculus'bune
1036 927 1143 995 locum
1166 928 1232 992 int'c
1271 928 1364 996 eunti
1385 944 1472 1009 sunt}

435 1010 553 1076 melius
568 1010 717 1095 prolecto
729 1033 827 1097 quam
843 1011 1165 1111 christophorsonus.
1189 1016 1247 1077 Ma
1260 1016 1389 1081 setiam
1404 1017 1472 1079 Ru-

436 1095 521 1160 finus
549 1095 668 1161 vetite
703 1106 734 1160 ct
762 1095 888 1162 obtentu
912 1098 1018 1183 improe
1047 1098 1138 1182 haias
1166 1100 1353 1179 assertionis,
1381 1102 1473 1188 quasi

436 1183 556 1246 erm
580 1181 631 1245 sic*
647 1183 862 1248 construenda
886 1183 961 1262 sint,
981 1186 1082 1266 ἀνόμου
1108 1186 1155 1248 zai
1180 1185 1264 1249 ἀθέου
1291 1189 1473 1264 &incutiat

435 1268 592 1355 σφφάσοι.
630 1268 735 1355 Atqui
748 1268 890 1351 προφάσει
902 1270 1020 1355 χάριτος
1036 1271 1114 1335 dixit
1130 1271 1298 1335 Eusebius.
1341 1274 1473 1422 §inim

435 1352 584 1417 baetici
600 1353 812 1431 illi,‘obtentu
831 1355 944 1440 gratie
964 1379 1036 1441 quae
1056 1378 1112 1441 pm
1133 1358 1331 1443 evangelium
1376 1374 1473 1428 onata

436 1438 662 1523 eseltrgemac
674 1438 847 1525 propbetas
858 1440 1078 1523 repudiabant.
1102 1442 1198 1506 Unde
1208 1444 1474 1509 eorumdoctrine

436 1524 557 1589 merito
570 1521 670 1605 ἄνομος
683 1539 718 1589 et
732 1522 812 1599 ἄθεος
826 1525 965 1590 dicitur:
986 1526 1084 1611 ἄνομος
1104 1549 1145 1591 eo
1165 1528 1252 1613 quod
1275 1530 1382 1615 legem
1397 1530 1472 1629 reji⁴

436 1622 568 1676 corant:
589 1608 670 1684 ἄθεος
684 1610 825 1696 eoquod
840 1612 1011 1697 propbetas
1026 1614 1120 1677 unius
1136 1635 1172 1677 ae
1188 1614 1252 1678 veri
1266 1615 1328 1678 Dei
1343 1630 1474 1679 nuntios

437 1695 653 1780 repudiarent
676 1697 883 1761 Vaeasms.
926 1699 1073 1762 Valesius
1094 1700 1135 1763 ad
1153 1700 1213 1763 hos
1232 1700 1388 1786 genitivos
1408 1701 1473 1764 eri·

436 1805 493 1863 μου
513 1782 562 1844 καὶ
583 1782 667 1845 aaa
688 1782 870 1856 διδασκαλίας
887 1782 1130 1870 intelligendum
1146 1798 1238 1870 putat
1252 1786 1341 1849 ἔνοιιοιι
1386 1786 1474 1850 Mihi

436 1868 547 1952 potius
557 1866 720 1953 appositio
737 1872 775 1929 rii
793 1867 912 1953 χάριτος
929 1869 1084 1949 videntur,
1098 1870 1143 1934 ita
1156 1884 1328 1957 utrumque
1342 1871 1381 1935 ad
1394 1894 1474 1959 orgo

436 1954 520 2031 φάσει
535 1956 700 2034 reseratur,
715 1967 812 2038 atque
826 1954 1013 2038 explicetur,
1028 1957 1169 2043 προφάσει
1187 1956 1233 2042 χά
1252 1984 1318 2035 ισος,
1331 1962 1388 2036 ἥτις
1407 1956 1437 2035 ἦν
1456 1959 1473 2037 ἦ

436 2038 537 2119 ἄνομος
552 2039 600 2120 ital
616 2037 696 2111 ἄθεος
710 2042 799 2101 αὐτῶν
812 2040 991 2102 διδασκαλία.
1013 2043 1183 2105 Srtto‘rH.
1220 1984 1365 2107 flottasse
1380 2045 1472 2129 geni·

436 2125 493 2189 tiri
508 2124 562 2189 isti
579 2140 653 2188 sunt
667 2124 883 2203 exclamantis,
895 2125 921 2187 si
938 2126 1036 2189 modo
1051 2128 1191 2212 genuina
1206 2128 1247 2192 sit
1262 2152 1320 2192 vox
1336 2151 1473 2215 sequens

434 2210 567 2295 χάριτος,
609 2232 684 2274 uam
707 2224 814 2273 tamen
837 2210 938 2273 nescit
961 2212 1104 2290 Rufinus,
1127 2214 1267 2277 Eusebio
1289 2237 1418 2301 quoque
1439 2217 1472 2279 in

437 2295 495 2359 lib.
510 2295 551 2358 vi.
568 2233 654 2359 fiiri.
670 2316 740 2379 cap.
755 2309 802 2360 12.
818 2295 863 2359 ita
877 2295 1044 2372 scribente,
1061 2298 1105 2358 διά
1118 2324 1194 2370 τινας
1207 2302 1346 2381 προφάσει
1366 2306 1413 2375 τῆς
1433 2304 1473 2361 ei«

437 2380 551 2467 φημένιος
573 2386 679 2466 γραφῆς
701 2386 737 2453 εἷς
758 2380 920 2466 ἑτεροὸὁξοος
942 2382 1123 2456 διδασκαλίας
1144 2385 1357 2458 ἁποκείλοιιτας.
1385 2384 1473 2481 quod

439 2467 533 2530 vertit
547 2462 794 2551 Valesius-qui
812 2465 963 2529 occasione
979 2466 1066 2529 iliius
1080 2467 1234 2553 evangeiii
1247 2470 1289 2532 ad
1302 2471 1473 2533 doctrinam

439 2577 459 2615 α
473 2550 635 2633 rectafitie
650 2550 782 2616 alienam
797 2549 1035 2615 declinaverant.

485 2640 525 2704 ln
543 2637 577 2699 S.
592 2636 728 2701 Maximi
747 2634 875 2721 Eclogis
898 2637 1000 2701 Serm.
1021 2638 1055 2701 ii.
1076 2660 1110 2724 p.
1129 2652 1199 2703 535.
1220 2639 1272 2703 ed.
1296 2640 1473 2706 Combefis.

439 2722 572 2810 parvula
584 2737 672 2787 extat
685 2727 760 2808 ῥῆσις
773 2720 941 2807 cujusdam
961 2724 1040 2800 Coii,
1055 2724 1110 2787 sed
1131 2723 1213 2787 inter
1233 2740 1381 2811 excerpta
1399 2728 1473 2791 etb-

440 2811 587 2873 nieorum
604 2808 664 2873 scri
690 2824 806 2872 torum.
838 2807 991 2873 Similiter
1005 2833 1039 2873 se
1055 2833 1104 2872 res
1120 2809 1215 2874 babet
1230 2811 1260 2874 in
1276 2813 1385 2876 codice
1400 2814 1473 2875 bib·

440 2896 589 2959 liothecae
608 2831 703 2960 Boii.
726 2894 781 2981 qui
802 2916 936 2957 numero
959 2902 1032 2971 1607
1054 2897 1211 2980 signatur,
1227 2897 1260 2960 in
1275 2921 1339 2983 quo
1356 2898 1475 2976 nullus,

440 2981 474 3044 ni
486 2979 591 3058 fallor,
606 2981 742 3068 scriptor
755 2980 986 3044 ecclesiasticus
1001 3000 1116 3068 praeter
1130 2983 1305 3048 Eusebium
1317 2984 1476 3049 adductus

439 3081 500 3132 est.

485 3150 549 3215 Sed
575 3151 806 3238 nequisquam
833 3150 964 3214 miretur
987 3174 1005 3215 a
1030 3174 1082 3216 me
1103 3153 1351 3236 praetermissum
1377 3155 1477 3219 fuisse

442 3239 672 3325 Fragmentum
688 3236 776 3300 Libri
791 3238 841 3301 De
858 3236 973 3300 Caussa
992 3238 1141 3315 Ubiversi,
1155 3240 1218 3301 sive
1232 3241 1291 3325 arpi
1305 3247 1341 3302 rei
1355 3242 1474 3316 παντὸς,

441 3322 530 3408 quod
548 3321 630 3387 Caio
650 3323 836 3410 presbytero
859 3345 878 3384 a
902 3322 1010 3385 multis
1037 3323 1220 3399 vindicatur,
1235 3324 1412 3387 monendus
1426 3341 1476 3388 est

441 3409 553 3485 lector,
568 3408 615 3470 ira
650 3421 782 3470 uentum
801 3408 885 3470 istud
907 3408 948 3471 ab
970 3407 1157 3470 Hoescbelio
1178 3408 1213 3470 in
1231 3409 1328 3471 Notis
1350 3410 1414 3472 suis
1434 3409 1475 3473 ad

443 3493 551 3558 Photii
570 3429 793 3557 Biiiiolltecom
814 3493 918 3577 primo
939 3493 1073 3568 editum,
1090 3492 1242 3576 adjecisse
1256 3493 1308 3556 J0.
1321 3493 1398 3557 Alb.
1414 3496 1475 3581 Fa·

441 3579 577 3644 bricium
610 3578 781 3666 Hippolyti
810 3580 970 3663 operibus,
995 3579 1145 3664 Catalogi
1174 3580 1354 3653 marmorei,
1382 3580 1477 3666 cujus

441 3665 638 3728 mentionem
662 3686 757 3749 supra
777 3664 837 3727 feci
859 3664 898 3727 ad
921 3684 996 3748 pag.
1015 3681 1060 3741 19.
1083 3664 1273 3727 auctoritate
1294 3664 1477 3728 inductum.

441 3751 541 3814 Extat
561 3771 658 3835 porro
679 3749 712 3813 in
734 3748 912 3826 Paraltelis,
932 3772 1004 3834 quae
1026 3765 1187 3827 vocantur,
1202 3750 1235 3812 S.
1249 3750 1382 3813 Joannis
1405 3751 1475 3814 Da-

442 3837 595 3913 masceni,
610 3858 666 3898 seu
686 3836 793 3919 potius
813 3834 945 3898 ioannis
972 3833 1132 3911 monaehi,
1147 3845 1226 3897 tom.
1242 3835 1275 3897 ii.
1293 3857 1325 3920 p.
1340 3850 1409 3910 755.
1424 3834 1478 3900 ed.

442 3921 599 4005 Lequien.
614 3920 769 4005 particula
791 3919 937 4006 quaedam
960 3919 1050 3983 istius
1068 3920 1239 4004 fragmenti
1258 3922 1388 3984 Miletio
1404 3921 1476 3985 An·

441 4005 585 4082 tiocbiae‚
600 4005 718 4070 saeculo
738 4019 852 4090 quarto
871 4005 1015 4081 durante,
1038 4005 1190 4090 episcopo
1209 4005 1373 4069 attributa.
1412 4007 1475 4071 Po·

442 4092 504 4154 sita
519 4105 568 4153 est
583 4090 682 4154 altera
695 4091 824 4176 quidem
840 4089 1043 4177 portiuncula
1058 4089 1128 4176 ejus
1143 4090 1183 4153 ad
1199 4112 1272 4175 pag.
1286 4104 1357 4169 789.
1371 4093 1477 4156 uomi-

443 4198 483 4238 ne
501 4175 628 4260 Joseptt
649 4176 811 4261 inscripta,
834 4176 885 4240 cui
908 4175 1036 4260 quidem
1060 4174 1223 4254 bistoric0,
1245 4177 1326 4240 sicut
1347 4179 1479 4241 iustino

442 4262 495 4325 M.
522 4264 653 4339 lrenaeo,
682 4260 836 4346 Gaioque,
865 4275 946 4324 teste
974 4261 1099 4337 l’hotio‚
1131 4262 1478 4348 coa.xnv1n.0pus

445 4347 496 4410 De
512 4347 656 4410 Ποιίοονιο
679 4369 698 4410 a
719 4346 846 4410 diversis
869 4346 1075 4431 scriptoribus
1091 4347 1168 4411 olim
1190 4349 1386 4432 assignatum
1404 4349 1479 4412 fuit.

444 4432 530 4496 Cum
547 4455 622 4497 vero
638 4431 792 4495 incertum
811 4433 861 4508 sit,
875 4432 971 4519 cujus,
985 4455 1090 4496 revera
1104 4433 1211 4510 fuerit,
1223 4448 1330 4496 utrum
1347 4434 1478 4511 Justini,

443 4540 483 4581 an
513 4518 637 4595 irenaei,
663 4532 731 4596 aut,
759 4534 794 4583 ut
819 4518 962 4604 plerique
991 4541 1031 4582 ex
1060 4519 1289 4582 recentioribus
1320 4532 1476 4596 statuunt,

444 4602 629 4689 Hippolyti,
645 4603 862 4690 potiusquam
880 4604 966 4679 Caii;
983 4626 1056 4667 cum
1082 4626 1121 4666 ue
1135 4604 1231 4667 etiam
1248 4603 1353 4690 quarti
1368 4604 1478 4667 saeculi

442 4689 483 4753 ad
500 4689 592 4756 finem
610 4688 767 4777 vergentis
790 4688 919 4777 praesuli
941 4712 1022 4779 opus
1044 4626 1141 4768 iiem,
1156 4712 1213 4754 uec
1228 4710 1394 4777 perperam
1411 4690 1478 4754 for-
