4092 5675
509 799 587 870 30⁴·-
848 773 1212 851 ANNO'TATIONES

962 1039 1095 1104 XXIII.

555 1208 666 1273 Ρ.·164.
680 1207 704 1273 l.
716 1215 763 1274 13.
785 1211 825 1271 od
835 1237 879 1287 μοι
895 1208 1058 1278 θοινιῖιιαλῖις
1074 1208 1149 1292 δῖα]
1164 1207 1273 1295 Pergll
1287 1205 1453 1296 Gflolgl'flfl
1468 1210 1548 1278 Bell-¹

510 1294 606 1372 bete3
630 1293 688 1371 ἴσον
701 1300 759 1380 γὰρ
776 1297 851 1358 κατὰ
868 1299 948 1357 τοῦτο
968 1298 1076 1369 Μωσῆς
1095 1298 1168 1380 πρὸς
1188 1300 1228 1379 τῷ
1248 1293 1322 1358 τέλει
1342 1300 1389 1372 τῆς
1408 1298 1479 1378 ζιοῆς
1494 1299 1550 1362 'As

510 1376 606 1465 ἕρσᾶμ
617 1381 742 1466 ταχθείς.
765 1380 791 1442 ei
802 1405 838 1463 γε
849 1379 956 1454 πάντες
970 1383 1151 1464 ὁμολογοῦσιν
1163 1384 1195 1442 τὸ
1209 1388 1322 1465 πρῶτον
1337 1380 1400 1455 ἔτος
1410 1380 1546 1469 Ἀὅριιᾴο

509 1467 586 1529 κατὰ
600 1464 632 1529 ro*
642 1466 699 1548 pl'.
715 1467 772 1542 ἔτος
786 1464 860 1529 Nive
871 1470 921 1528 τοῦ
935 1464 1057 1548 διοτέροο
1072 1463 1265 1544 βασιλεύοντος
1275 1468 1350 1547 μετὰ
1367 1471 1459 1542 Βῆλον
1472 1468 1545 1531 Ἀσ·

508 1551 619 1636 cupiat.
646 1557 737 1617 Βτῖλον
760 1557 840 1632 (cor.
865 1552 969 1631 Βῆλοο)
992 1555 1050 1637 γὰρ
1072 1548 1118 1613 ιε’.
1147 1549 1231 1615 Νίνον
1251 1549 1308 1632 pl‘.
1332 1550 1471 1638 Ἀὄραὰρι
1492 1551 1545 1641 pat.

502 1634 590 1715 Ἕςοο
608 1635 663 1723 ἄρα
680 1643 787 1714 Μωσῆς
802 1639 878 1700 κοντοὶ
890 1637 922 1699 ri
935 1634 991 1722 poe'.
1006 1639 1064 1711 ἔτος
1077 1633 1221 1721 ’nepeta
1245 1636 1307 1723 ὅπερ
1321 1637 1457 1703 turdo.
1479 1644 1544 1722 ὄρσο·Ι

506 1726 590 1807 Mysi
601 1724 630 1785 δὶ
643 1725 724 1787 αὐτὸν
742 1726 818 1787 κατὰ
830 1722 956 1806 Ἴναχον.

416 1877 418 1880 ,
552 1806 636 1871 lbld.
659 1811 698 1871 Oti
710 1838 753 1886 μοι
767 1810 930 1874 lesatensis
946 1805 1105 1888 &0·]H00
1117 1817 1197 1873 cerie
1210 1806 1456 1874 vmwlleclum
1469 1817 1547 1874 ΒΜ

510 1890 654 1979 Georgia,
676 1893 787 1957 scribit
808 1891 961 1977 Scaliger,
983 1890 1066 1956 hanc
1089 1892 1259 1991 pericopen
1281 1893 1434 1959 referens.
1464 1892 1544 1958 Arri·

506 1976 611 2041 mado.
625 1999 665 2064 pa
690 1979 1276 2057 ‘a17,1s,ass,&c.Ranohaecest.
1298 1978 1387 2043 Siad
1400 1977 1543 2044 Africani

507 2073 649 2128 mentem
693 2064 867 2164 ssyriorum
879 2085 1014 2150 regnum
1028 2063 1127 2142 aliud,
1137 2063 1224 2150 quod
1234 2063 1446 2150 Argivorum,
1455 2064 1543 2129 annis

504 2148 587 2213 solis
599 2149 745 2214 ducentis
760 2149 943 2237 praecedat3
966 2161 1002 2213 ut
1016 2150 1110 2234 spatii
1132 2150 1320 2235 hujusmodi
1331 2151 1490 2236 ¹terminus
1504 2148 1543 2216 ad

506 2234 620 2300 Inachi
633 2236 682 2301 Ar
705 2234 828 2301 ivorum
845 2235 929 2323 regis
944 2233 1038 2321 primi
1051 2257 1169 2299 annum
1185 2236 1325 2321 primurn
1340 2236 1423 2301 attin
1450 2237 1487 2316 it,
1500 2235 1543 2302 itu¹

505 2341 671 2408 quoquea
709 2322 813 2387 Mosis
825 2321 963 2386 natalem
978 2320 1065 2385 diem
1077 2322 1162 2384 circa
1177 2320 1290 2385 Inachi
1303 2321 1410 2407 primo
1448 2322 1481 2386 ia
1494 2321 1542 2387 in·

506 2421 685 2473 currentem
698 2408 838 2473 accedit:
854 2407 940 2471 idem
955 2428 1029 2471 vero
1040 2427 1195 2470 annorum
1207 2406 1423 2472 ducentomm
1433 2406 1551 2485 terrui·-¹

506 2510 566 2556 nus
588 2493 730 2558 Abrahae
756 2515 858 2557 annus
879 2513 975 2578 supra
997 2492 1208 2557 centesimum
1229 2492 1361 2578 primus·
1377 2492 1542 2558 stantitur.

504 2577 619 2650 Moses
633 2579 742 2665 itaque
757 2600 841 2643 anno
855 2577 993 2643 Abrahae
1005 2578 1122 2650 eodem
1137 2577 1177 2640 ad
1192 2578 1272 2642 lucis
1287 2590 1321 2641 et
1336 2578 1452 2643 mundi
1466 2599 1542 2644 con·

504 2663 639 2727 sortium
666 2664 828 2750 ingressus
852 2676 911 2728 est.
966 2662 1259 2727 Demonstrativam
1286 2663 1541 2747 confutationem

414 2761 416 2765 ’
504 2746 589 2812 hanc
603 2762 695 2813 vocat
710 2750 854 2835 Scaliger
866 2749 940 2814 loco
954 2749 1060 2834 primo
1075 2747 1187 2812 relato.
1204 2750 1376 2815 Goanus.
1404 2749 1454 2814 At
1469 2767 1541 2814 vero

504 2832 658 2934 quicquid
677 2835 836 2899 Eusebius
849 2833 967 2921 aliique
982 2832 1214 2901 deAbrahami
1229 2834 1326 2898 natali
1346 2834 1400 2901 die
1418 2847 1540 2901 statne·

503 2934 579 2998 rint,
603 2918 688 2982 haud
715 2919 808 2983 facile
833 2919 994 2982 mihimet·
1007 2919 1196 3004 persuadeo,
1220 2920 1411 2987 Africanum
1436 2921 1541 3007 ipsum

505 3022 572 3068 rem
588 3003 633 3067 ita
646 3004 894 3082 administrasse,
909 3019 944 3068 nt
961 3004 1101 3068 eundem
1114 3006 1200 3068 diem
1215 3005 1255 3068 ad
1270 3028 1344 3071 ann.
1358 3020 1410 3071 43.
1427 3006 1478 3071 vel
1490 3019 1540 3072 44.
1584 3072 1588 3078 ,

503 3088 584 3154 Nini
606 3089 691 3176 regis
713 3089 864 3168 differret,
883 3090 936 3176 qui
963 3089 1035 3175 plus
1058 3090 1214 3155 ducentos
1227 3112 1335 3155 annos
1356 3091 1454 3157 citius
1476 3093 1541 3157 En·

502 3168 633 3239 sebiana
656 3175 898 3274 computatione
924 3176 1029 3239 Mosis
1053 3176 1192 3239 exodum
1218 3175 1399 3240 collocavit.
1444 3176 1541 3243 Certe

502 3274 628 3325 constat
642 3262 844 3325 constituisse
858 3256 1044 3325 Africanum
1060 3260 1237 3325 Abrahami
1249 3275 1354 3326 ortum
1369 3259 1472 3327 ferme
1485 3284 1544 3327 are·

503 3367 562 3410 nos
578 3361 644 3424 190.
662 3359 737 3426 ante
752 3346 937 3432 Sicyonium
955 3346 1138 3431 imperinm,
1153 3346 1246 3435 cujus
1262 3346 1354 3433 regni
1368 3347 1459 3411 initia
1473 3350 1541 3413 Eu·

502 3431 610 3496 sebius
625 3431 811 3496 Abrahamo
827 3432 997 3495 vetustiora
1016 3433 1094 3495 facit
1112 3433 1203 3497 annis
1216 3447 1267 3507 75.
1313 3431 1437 3497 Confer
1455 3435 1539 3499 enim

503 3517 771 3602 Fragmentorum
800 3518 915 3580 horum
945 3518 1047 3582 Num.
1076 3530 1186 3582 xx1x.
1216 3539 1291 3582 cum
1323 3517 1548 3585 Chroniconm'

502 3602 748 3666 Eusebianorum
762 3602 929 3689 principio.
974 3604 1047 3666 lmo
1059 3623 1131 3666 vero
1145 3603 1250 3689 palam
1266 3614 1315 3666 est
1329 3603 1402 3689 plus
1418 3605 1538 3671 ducen-

502 3701 554 3752 tos
570 3702 603 3751 et
617 3687 850 3774 quinquaginta
868 3709 968 3751 annos
985 3702 1060 3753 ante
1080 3688 1150 3774 ipsa
1164 3689 1253 3752 initia
1267 3689 1331 3752 Ass
1357 3689 1433 3754 riaci
1448 3689 1539 3779 regni

500 3773 688 3859 patriarcha
702 3773 821 3837 natales
833 3772 874 3835 ab
885 3772 1039 3837 Africano
1053 3775 1176 3860 positos
1193 3774 1301 3838 luisse.
1324 3712 1423 3838 gons.
1437 3774 1539 3842 Numa

503 3878 621 3923 xx111.
639 3873 671 3924 et
685 3872 777 3923 notas
791 3880 888 3944 supra
903 3858 943 3921 ad
959 3875 1013 3944 pp.
1028 3873 1097 3938 298.
1114 3875 1148 3922 et
1162 3874 1231 3937 299.
1253 3859 1308 3924 Ab
1324 3859 1394 3925 aliis
1409 3878 1549 3949 quoque

501 3945 685 4010 auctoribus
699 3944 740 4008 ad
755 3945 852 4031 longe
867 3944 1044 4029 posteriora
1059 3958 1205 4030 tempora
1215 3966 1316 4032 quam
1325 3945 1465 4011 solitum
1478 3960 1538 4027 est,

500 4030 637 4094 relatum
652 4030 749 4094 fuisse
764 4029 844 4094 Nini
857 4030 1027 4114 imperium
1043 4031 1198 4094 novimus.
1239 4031 1402 4116 Georgius
1417 4045 1537 4114 autem,

501 4114 579 4179 dum
604 4116 722 4200 pariter
748 4131 844 4201 atque
872 4115 1044 4179 Africanus
1069 4116 1173 4179 Mosis
1202 4129 1298 4201 atque
1326 4116 1439 4182 Inachi
1465 4136 1541 4219 σορ-Ι

496 4200 649 4300 χρσνισμὸν
674 4213 780 4263 ratum
811 4201 959 4278 habebat,
989 4200 1077 4287 quod
1103 4200 1144 4264 ad
1171 4223 1245 4286 pag.
1275 4201 1411 4265 Clitorio·
1434 4203 1537 4289 uphtoe

415 4332 419 4337 -
501 4308 570 4385 ejus
594 4299 659 4347 150.
682 4286 822 4384 alibique
845 4298 982 4360 constat,
1005 4306 1064 4349 nec
1089 4297 1294 4350 tamencum
1319 4308 1358 4352 eo
1406 4311 1424 4351 e
1448 4302 1537 4354 nata·

499 4369 585 4435 ltbus
604 4369 781 4434 Abralramr
801 4370 857 4434 diu
875 4385 949 4433 ante
969 4371 1094 4434 Ninum
1113 4371 1344 4437 constituendis
1368 4374 1544 4455 sentiebat'

500 4457 697 4520 existimasse
726 4456 849 4520 videtur
872 4456 1068 4541 Argivorum
1097 4456 1176 4521 illud
1205 4459 1246 4521 ab
1273 4459 1394 4522 Inacho
1421 4459 1537 4523 funda·

499 4555 569 4606 tum
593 4562 727 4628 regnum
753 4564 814 4605 non
841 4540 1060 4605 ducentesimo
1083 4564 1167 4606 anno
1189 4557 1303 4628 regum
1326 4545 1536 4631 Assyriorum

499 4627 556 4692 sed
570 4644 683 4713 postea·
695 4627 846 4693 collocari
859 4626 988 4707 debere,
1002 4641 1114 4692 contra
1128 4643 1225 4715 quam
1240 4644 1395 4694 statuerat
1408 4630 1536 4695 Africa·

498 4733 568 4778 nus.
