4092 5675
631 759 683 825 uu
706 756 928 828 Arulenus
953 755 1209 824 cuuou1cn.
1377 760 1440 846 2⁶9

359 997 363 1004 ,
401 941 517 1017 μενῶφις
532 953 608 1004 curu
623 929 744 1017 duplici
758 928 802 1012 μ’.
834 929 984 994 Variatur
998 941 1106 993 autem
1123 930 1156 994 in
1172 928 1315 994 Chronici
1332 930 1443 996 Latini

359 1079 361 1084 .
401 1017 650 1105 exemplaribus.
684 1014 1010 1165 '’ApiospoguScolggeri
1026 1015 1188 1162 Eusepius.
1265 1100 1278 1164 l
1411 1102 1417 1115 .

400 1107 565 1256 Euhehhii
579 1103 826 1253 limisitipghchh
841 1102 1325 1273 effingetpottppffirffipupp
1335 1103 1444 1267 lihalihh,

401 1283 450 1350 rori
464 1277 493 1338 li
512 1274 739 1360 (Amenophis)
759 1275 862 1354 ἀδελφὴ
886 1276 1029 1356 Ἀμεσσὴς
1051 1274 1164 1337 sinuatio
1184 1274 1236 1356 pal
1256 1280 1342 1355 μῆνας
1361 1274 1446 1338 ἐννέα.

403 1361 509 1450 Quasi
530 1382 587 1426 rex
609 1358 728 1423 femina
751 1359 857 1423 fuerit.
894 1362 938 1424 Et
961 1359 1049 1446 apud
1070 1358 1283 1445 Theophilum,
1306 1365 1321 1437 ἡ
1342 1362 1446 1445 ἀδελφὴ

359 1521 361 1528 Ι
404 1451 477 1518 wir&
490 1443 622 1528 Ἀμὲσση
638 1444 683 1522 ἔτη
700 1443 756 1507 ocot'.
768 1450 841 1526 μῆνα
854 1443 893 1509 α’.

359 1547 375 1618 Ἰ
446 1532 534 1604 ibid.
550 1531 573 1595 l.
592 1548 639 1610 19.
661 1530 821 1615 Micapptg]
840 1530 965 1615 Mloppu
980 1530 1066 1594 Scal.
1081 1536 1146 1612 Μνφ
1163 1532 1187 1605 l;
1203 1530 1316 1595 Euseh.
1336 1529 1393 1595 sed
1413 1531 1447 1595 in

359 1655 363 1692 ς
405 1617 530 1684 Ietinis
544 1616 704 1700 Mephres.
742 1616 857 1679 Itidem
874 1615 1029 1679 Mouelho
1044 1615 1128 1701 opud
1138 1558 1303 1701 losephum
1318 1617 1446 1703 Μῆφςης.

405 1704 525 1776 Statim
547 1715 621 1788 post
635 1724 694 1787 pro
713 1701 757 1779 ἔτη
773 1699 823 1787 ιγ’.
839 1701 936 1766 habet
950 1701 994 1779 ἔτη
1009 1700 1062 1766 ιδ’.
1079 1702 1251 1782 Brachium
1275 1701 1447 1768 Manetho-

406 1811 471 1876 que
485 1788 572 1873 opud
583 1786 752 1871 Josephum
769 1801 803 1856 et
819 1785 1022 1872 Theophilum
1044 1787 1089 1866 ἔτη
1106 1787 1156 1853 e'.
1172 1790 1220 1853 καὶ
1234 1794 1320 1871 μῆνας
1336 1787 1419 1852 ἐννέα.

451 1874 537 1940 Ibld.
551 1873 573 1938 l.
589 1888 638 1937 20.
663 1873 948 1959 Μνσφραγμούθωσνς
970 1873 1015 1951 ἔτη
1039 1874 1109 1958 κς’.]
1128 1874 1375 1962 Μηφραμοῦθννσις
1396 1873 1447 1937 κε’.

406 1960 457 2028 sal
475 1966 565 2044 μῆνας
583 1960 651 2022 δέκα
666 1960 817 2023 Mouetho
835 1960 918 2044 opud
931 1959 1057 2043 Joseph.
1074 1960 1131 2024 sed
1145 1960 1229 2045 opud
1246 1959 1450 2044 Theophilum

366 2069 369 2074 ·
407 2044 670 2131 Μηθραμμεθώσνς
685 2043 730 2122 ἔτη
746 2043 782 2108 κ’.
797 2051 884 2128 μῆνας
899 2045 927 2110 ι’.

453 2131 539 2197 Ibid.
565 2132 605 2212 ἔφ’
626 2129 656 2193 οὗ
677 2134 691 2191 ὁ
714 2131 756 2192 ἐπὶ
776 2131 969 2204 Δευκαλίωνος
985 2128 1212 2214 κατακλυσμός.]
1230 2133 1347 2216 Neque
1361 2131 1451 2195 Afri-

407 2218 482 2286 cani
507 2215 594 2282 istud
621 2215 765 2300 Scaliger
789 2216 900 2280 edidit.
947 2216 1213 2301 Contradicitque
1239 2216 1452 2302 Chronologo

408 2317 524 2369 nostro
552 2303 574 2366 S
622 2301 724 2366 cellus
747 2301 788 2365 ad
814 2324 890 2388 pag.
910 2313 960 2379 70.
987 2301 1045 2365 ubi
1070 2300 1261 2366 Africanum
1287 2302 1355 2368 vult
1377 2303 1452 2366 loco

408 2388 539 2476 Ogygii
584 2387 670 2452 iluvii
692 2388 850 2473 posterius
872 2388 936 2452 hoc
957 2387 1167 2452 Deucalionis
1187 2409 1353 2473 perperam
1374 2409 1453 2452 con·

408 2474 569 2562 signasse,
579 2494 620 2537 ex
633 2472 732 2561 ipsius
745 2473 891 2537 Africani
905 2472 1031 2559 scriptis
1044 2488 1119 2537 eum
1132 2474 1316 2537 confutans.
1342 2472 1453 2538 Adisis

409 2559 484 2648 ejus
495 2572 697 2645 argumenta,
707 2559 824 2645 quibus
838 2560 901 2625 hoc
912 2558 1095 2623 addendum
1108 2559 1232 2623 videtur
1243 2571 1357 2623 contra
1367 2558 1455 2623 istud

436 2645 549 2712 uidem
568 2644 610 2710 de
632 2644 839 2710 Deucalionis
862 2645 982 2711 diluvio
1005 2645 1047 2709 ab
1067 2644 1220 2712 Africano
1239 2647 1375 2710 fortasse
1397 2644 1455 2709 ad·

437 2732 531 2811 tum,
546 2730 641 2796 nimis
653 2730 788 2817 longum
802 2744 932 2816 tempus
947 2752 1056 2796 revera
1069 2731 1221 2795 interesse
1244 2731 1327 2796 inter
1350 2731 1455 2796 Musis

412 2816 568 2898 exodum,
583 2839 679 2904 quem
702 2816 832 2904 quidem
855 2816 1032 2905 Ogygiano
1053 2816 1173 2882 diluvio
1192 2830 1227 2883 et
1248 2817 1366 2883 Amosi
1386 2817 1457 2905 regi

412 2904 495 2971 facit
513 2904 671 2992 σύγχςονον
688 2903 861 2967 Africanus
885 2904 918 2968 in
940 2905 1044 2968 Num.
1067 2926 1142 2969 meo
1159 2926 1260 2969 xx11.
1281 2917 1315 2969 et
1336 2927 1455 2970 annum

412 2989 693 3092 septuagesimum
707 2989 786 3053 Aud
804 2989 925 3077 judicis
947 2991 1176 3070 Hebraeorum,
1191 3013 1257 3076 quo
1276 2991 1456 3055 Deucalio-

413 3099 467 3141 ms
487 3097 588 3163 aquas
613 3074 700 3140 idem
723 3075 802 3161 ipse,
817 3088 855 3143 ut
875 3097 915 3140 ex
935 3076 1038 3139 Num.
1056 3097 1148 3141 xxv.
1164 3090 1302 3154 constat,
1317 3076 1458 3141 collocat
1549 3081 1553 3086 '

412 3161 603 3240 Africanus,
615 3183 713 3248 quam
728 3174 766 3224 ut
786 3160 837 3225 hae
858 3161 1067 3225 Deucalionis
1081 3183 1173 3247 aquae
1188 3184 1263 3226 cum
1279 3183 1379 3247 regno
1394 3162 1457 3226 hu-

409 3245 469 3336 jus
490 3245 824 3334 Misphragmuthosis
844 3258 969 3311 sextum
988 3258 1065 3332 post
1078 3247 1215 3311 Amosin
1229 3246 1337 3312 locum
1356 3269 1456 3312 occu-

413 3331 537 3421 pantis,
552 3332 753 3397 conveniant.
1107 3370 1109 3375 -
1413 3397 1416 3403 ,

460 3417 547 3485 Ibid.
562 3418 585 3489 l.
601 3432 651 3482 22.
673 3418 839 3501 Τοῦθμννσνς
854 3417 899 3496 ἔτη
913 3417 964 3502 3’.]
984 3417 1155 3499 &alapam
1173 3438 1193 3479 a
1210 3415 1294 3481 Scali
1319 3438 1374 3483 ero
1388 3418 1456 3482 edi·

415 3519 491 3571 tum
505 3517 565 3568 est.
609 3509 730 3586 Θμῶσνς
752 3503 792 3568 θ’.
817 3506 864 3567 καὶ
887 3509 973 3586 μῆνας
995 3503 1029 3582 η’·
1053 3502 1205 3568 Munelho
1228 3438 1319 3587 apuT
1331 3503 1456 3589 Joseph.

416 3591 477 3657 sed
492 3589 580 3677 apud
595 3588 796 3674 Theophilum
810 3591 968 3672 Τυθμώσης
984 3613 1102 3655 nomen
1117 3589 1277 3654 scribitur.
1368 3664 1376 3683 .

462 3677 499 3741 Ρ.
512 3689 578 3741 143.
592 3675 616 3739 Ι.
628 3689 658 3739 2.
681 3676 871 3761 φθεγγόμενος
893 3678 985 3761 λίθος]
1003 3679 1094 3741 Nota
1114 3675 1166 3740 cui
1191 3697 1232 3739 ue
1253 3672 1388 3741 historia
1409 3687 1459 3739 est

416 3761 460 3829 de
474 3762 663 3827 Memnonis
686 3773 793 3827 statua
813 3764 874 3827 sub
888 3776 996 3829 ortum
1010 3763 1087 3827 solis
1103 3783 1160 3825 voc
1194 3761 1215 3824 '.
1260 3763 1335 3825 Hoc
1349 3773 1459 3826 autem

416 3847 584 3934 scriptoris
605 3868 674 3910 esse
695 3847 777 3912 alius
798 3871 818 3913 a
839 3849 1040 3914 Manethone
1055 3849 1172 3934 probat
1187 3846 1350 3911 silentium
1364 3847 1460 3912 Jose·

416 3934 489 4021 phi,
503 3933 546 3998 ad
560 3933 750 3997 Africanum
773 3933 873 4020 igitur
893 3936 1051 4020 pertinere
1072 3932 1256 3998 dicendum.
1286 3932 1460 4018 Δαμφενὸφνς

417 4041 540 4085 nomen
554 4019 749 4105 Theophilo.

465 4104 549 4169 Ibid.
564 4104 587 4168 l.
602 4119 632 4168 3.
656 4104 701 4182 ἔτη
721 4105 794 4189 λζ’]
814 4104 966 4169 Eusebius
986 4106 1031 4184 ἔτη
1052 4103 1109 4178 λς’.
1125 4108 1152 4166 ἐν
1173 4101 1255 4188 ἄλλῳ
1274 4101 1329 4182 λη’.
1358 4105 1461 4171 Euse-

419 4190 490 4257 hius
511 4190 648 4256 Latinus
668 4213 742 4254 auro.
766 4205 816 4256 38.
839 4191 991 4255 Mouetho
1016 4191 1101 4277 opud
1121 4187 1244 4273 Joseph.
1268 4205 1302 4255 et
1325 4191 1461 4258 fortasse

420 4276 559 4362 Theoph.
573 4275 632 4349 λς’.
646 4281 733 4358 μῆνας
749 4276 780 4340 ε’.

464 4362 550 4428 Ibid.
564 4363 588 4427 l.
601 4376 632 4427 4.
662 4364 811 4449 Ἀχερῤἣς]
835 4361 987 4426 Eusebius
1004 4359 1211 4448 Ἀχενχέρσης.
1246 4362 1360 4427 Euseh.
1384 4363 1461 4428 Lot.

415 4448 622 4527 Aoeuoheres,
638 4447 686 4512 vel
700 4447 859 4512 Aceucois.
895 4450 939 4512 Et
956 4447 1109 4512 Monetho
1124 4446 1210 4532 opud
1222 4447 1388 4531 Josephum
1403 4448 1462 4512 ha-

419 4536 480 4603 bet
489 4537 555 4598 τὲδε
570 4534 680 4620 (Hori)
694 4534 822 4619 θυγάτηρ
836 4533 953 4620 Ἀκέγχ
971 4560 1012 4610 ης.
1035 4534 1157 4599 Confer
1167 4554 1247 4645 pag.
1261 4545 1316 4608 137
1321 4578 1329 4596 .
1342 4533 1399 4597 lin.
1410 4529 1461 4599 21'.

421 4619 581 4732 Idempue
598 4641 660 4772 pro
681 4618 726 4698 ἔτη
749 4617 811 4684 ah'.
826 4619 924 4684 habet
940 4560 992 4685 ιε’.
1008 4621 1056 4683 καὶ
1074 4626 1147 4703 μῆνα
1167 4645 1224 4697 ενα,
1242 4629 1341 4704 prout
1359 4621 1462 4686 Euse-

420 4706 496 4774 bius
519 4734 564 4786 πη
588 4733 596 4774 ν
622 4704 641 4775 ’.
663 4705 807 4796 assignat
827 4703 904 4775 huic
925 4706 1058 4794 regina,
1073 4705 1162 4794 quod
1182 4718 1292 4774 tamen
1306 4703 1462 4773 Africano
