<?xml version="1.0" encoding="UTF-8"?>
<!DOCTYPE html PUBLIC "-//W3C//DTD XHTML 1.0 Transitional//EN"
    "http://www.w3.org/TR/xhtml1/DTD/xhtml1-transitional.dtd">
<html xmlns="http://www.w3.org/1999/xhtml" xml:lang="en" lang="en">
 <head>
  <title>
</title>
<meta http-equiv="Content-Type" content="text/html;charset=utf-8" />
  <meta name='ocr-system' content='tesseract 3.04.00' />
  <meta name='ocr-capabilities' content='ocr_page ocr_carea ocr_par ocr_line ocrx_word'/>
</head>
<body>
  <div class='ocr_page' id='page_1' title='image "./reliquiaesacrae09routgoog_0509.png"; bbox 0 0 4092 5675; ppageno 0'>
   <div class='ocr_carea' id='block_1_1' title="bbox 676 779 1546 879">
    <p class='ocr_par' dir='ltr' id='par_1_1' title="bbox 676 779 1546 879">
     <span class='ocr_line' id='line_1_1' title="bbox 676 779 1546 879; baseline 0.002 -24"><span class='ocrx_word' id='word_1_1' title='bbox 676 789 729 857; x_wconf 77' lang='lat' dir='ltr'><strong>uu</strong></span> <span class='ocrx_word' id='word_1_2' title='bbox 750 786 986 856; x_wconf 81' lang='lat' dir='ltr'><strong>srnouuu</strong></span> <span class='ocrx_word' id='word_1_3' title='bbox 1007 779 1372 856; x_wconf 72' lang='lat' dir='ltr'><strong>annac-usuam.</strong></span> <span class='ocrx_word' id='word_1_4' title='bbox 1482 781 1546 879; x_wconf 78' lang='lat'>51&#39;7</span> 
     </span>
    </p>
   </div>
   <div class='ocr_carea' id='block_1_2' title="bbox 497 960 1550 1580">
    <p class='ocr_par' dir='ltr' id='par_1_2' title="bbox 497 960 1550 1580">
     <span class='ocr_line' id='line_1_2' title="bbox 497 960 1550 1050; baseline 0.003 -23"><span class='ocrx_word' id='word_1_5' title='bbox 497 972 628 1027; x_wconf 40' lang='lat' dir='ltr'><strong>&#39;sueton</strong></span> <span class='ocrx_word' id='word_1_6' title='bbox 652 961 879 1043; x_wconf 89' lang='lat' dir='ltr'><strong>lmmoetiam,</strong></span> <span class='ocrx_word' id='word_1_7' title='bbox 890 962 1043 1049; x_wconf 92' lang='lat' dir='ltr'><strong>quoniam</strong></span> <span class='ocrx_word' id='word_1_8' title='bbox 1056 960 1156 1049; x_wconf 88' lang='lat' dir='ltr'><strong>elapsi</strong></span> <span class='ocrx_word' id='word_1_9' title='bbox 1166 962 1294 1027; x_wconf 89' lang='lat' dir='ltr'><strong>fuerant</strong></span> <span class='ocrx_word' id='word_1_10' title='bbox 1305 962 1471 1050; x_wconf 84' lang='lat' dir='ltr'><strong>sexaginta</strong></span> <span class='ocrx_word' id='word_1_11' title='bbox 1480 962 1550 1030; x_wconf 85' lang='lat' dir='ltr'><strong>fere</strong></span> 
     </span>
     <span class='ocr_line' id='line_1_3' title="bbox 501 1048 1548 1137; baseline 0.002 -24"><span class='ocrx_word' id='word_1_12' title='bbox 501 1048 579 1113; x_wconf 85' lang='lat' dir='ltr'><strong>anni</strong></span> <span class='ocrx_word' id='word_1_13' title='bbox 600 1048 683 1114; x_wconf 90' lang='lat' dir='ltr'><strong>inter</strong></span> <span class='ocrx_word' id='word_1_14' title='bbox 700 1063 840 1137; x_wconf 89' lang='lat' dir='ltr'><strong>tempus,</strong></span> <span class='ocrx_word' id='word_1_15' title='bbox 857 1072 922 1135; x_wconf 94' lang='lat' dir='ltr'><strong>quo</strong></span> <span class='ocrx_word' id='word_1_16' title='bbox 943 1049 1111 1116; x_wconf 84' lang='lat' dir='ltr'><strong>historiam</strong></span> <span class='ocrx_word' id='word_1_17' title='bbox 1133 1049 1261 1136; x_wconf 85' lang='lat' dir='ltr'><strong>scripsit</strong></span> <span class='ocrx_word' id='word_1_18' title='bbox 1279 1071 1370 1113; x_wconf 91' lang='lat' dir='ltr'><strong>suam</strong></span> <span class='ocrx_word' id='word_1_19' title='bbox 1386 1050 1548 1116; x_wconf 83' lang='lat' dir='ltr'><strong>Eusebius</strong></span> 
     </span>
     <span class='ocr_line' id='line_1_4' title="bbox 503 1134 1548 1224; baseline 0.001 -23"><span class='ocrx_word' id='word_1_20' title='bbox 503 1134 659 1224; x_wconf 87' lang='lat' dir='ltr'><strong>Paulique</strong></span> <span class='ocrx_word' id='word_1_21' title='bbox 673 1135 920 1223; x_wconf 88' lang='lat' dir='ltr'><strong>depositionem,</strong></span> <span class='ocrx_word' id='word_1_22' title='bbox 933 1135 967 1200; x_wconf 92' lang='lat' dir='ltr'><strong>id</strong></span> <span class='ocrx_word' id='word_1_23' title='bbox 980 1157 1066 1215; x_wconf 87' lang='lat' dir='ltr'><strong>vera,</strong></span> <span class='ocrx_word' id='word_1_24' title='bbox 1078 1136 1110 1199; x_wconf 91' lang='lat' dir='ltr'><strong>ni</strong></span> <span class='ocrx_word' id='word_1_25' title='bbox 1125 1135 1230 1216; x_wconf 87' lang='lat' dir='ltr'><strong>fallor,</strong></span> <span class='ocrx_word' id='word_1_26' title='bbox 1243 1136 1384 1201; x_wconf 83' lang='lat' dir='ltr'><strong>ostendit</strong></span> <span class='ocrx_word' id='word_1_27' title='bbox 1399 1136 1455 1200; x_wconf 93' lang='lat' dir='ltr'><strong>diu</strong></span> <span class='ocrx_word' id='word_1_28' title='bbox 1470 1136 1548 1202; x_wconf 89' lang='lat' dir='ltr'><strong>satis</strong></span> 
     </span>
     <span class='ocr_line' id='line_1_5' title="bbox 500 1221 1547 1310; baseline 0.004 -25"><span class='ocrx_word' id='word_1_29' title='bbox 500 1235 648 1286; x_wconf 83' lang='lat' dir='ltr'><strong>exortam</strong></span> <span class='ocrx_word' id='word_1_30' title='bbox 663 1222 762 1287; x_wconf 89' lang='lat' dir='ltr'><strong>fuisse</strong></span> <span class='ocrx_word' id='word_1_31' title='bbox 777 1237 851 1287; x_wconf 89' lang='lat' dir='ltr'><strong>ante</strong></span> <span class='ocrx_word' id='word_1_32' title='bbox 869 1221 1005 1287; x_wconf 89' lang='lat' dir='ltr'><strong>Paulum</strong></span> <span class='ocrx_word' id='word_1_33' title='bbox 1024 1221 1172 1300; x_wconf 89' lang='lat' dir='ltr'><strong>haeresin,</strong></span> <span class='ocrx_word' id='word_1_34' title='bbox 1187 1244 1283 1309; x_wconf 89' lang='lat' dir='ltr'><strong>quam</strong></span> <span class='ocrx_word' id='word_1_35' title='bbox 1305 1221 1436 1310; x_wconf 89' lang='lat' dir='ltr'><strong>quidem</strong></span> <span class='ocrx_word' id='word_1_36' title='bbox 1450 1221 1547 1289; x_wconf 72' lang='lat' dir='ltr'><strong>‘idem</strong></span> 
     </span>
     <span class='ocr_line' id='line_1_6' title="bbox 502 1304 1548 1395; baseline 0.001 -23"><span class='ocrx_word' id='word_1_37' title='bbox 502 1306 622 1372; x_wconf 86' lang='lat' dir='ltr'><strong>Paulus</strong></span> <span class='ocrx_word' id='word_1_38' title='bbox 634 1310 836 1395; x_wconf 87' lang='lat' dir='ltr'><strong>temporibus</strong></span> <span class='ocrx_word' id='word_1_39' title='bbox 848 1304 979 1374; x_wconf 88' lang='lat' dir='ltr'><strong>Eusebii</strong></span> <span class='ocrx_word' id='word_1_40' title='bbox 990 1326 1157 1373; x_wconf 81' lang='lat' dir='ltr'><strong>renovasse</strong></span> <span class='ocrx_word' id='word_1_41' title='bbox 1168 1308 1296 1373; x_wconf 80' lang='lat' dir='ltr'><strong>dicitur.</strong></span> <span class='ocrx_word' id='word_1_42' title='bbox 1323 1308 1548 1373; x_wconf 86' lang='lat' dir='ltr'><strong>Nihilominus</strong></span> 
     </span>
     <span class='ocr_line' id='line_1_7' title="bbox 501 1393 1548 1482; baseline 0.003 -25"><span class='ocrx_word' id='word_1_43' title='bbox 501 1393 582 1473; x_wconf 86' lang='lat' dir='ltr'><strong>fieri,</strong></span> <span class='ocrx_word' id='word_1_44' title='bbox 595 1394 721 1481; x_wconf 90' lang='lat' dir='ltr'><strong>opinor,</strong></span> <span class='ocrx_word' id='word_1_45' title='bbox 733 1396 850 1482; x_wconf 91' lang='lat' dir='ltr'><strong>potuit,</strong></span> <span class='ocrx_word' id='word_1_46' title='bbox 864 1406 902 1459; x_wconf 91' lang='lat' dir='ltr'><strong>ut</strong></span> <span class='ocrx_word' id='word_1_47' title='bbox 911 1395 1072 1459; x_wconf 88' lang='lat' dir='ltr'><strong>Artemon</strong></span> <span class='ocrx_word' id='word_1_48' title='bbox 1084 1393 1144 1459; x_wconf 87' lang='lat' dir='ltr'><strong>istc</strong></span> <span class='ocrx_word' id='word_1_49' title='bbox 1159 1394 1201 1458; x_wconf 88' lang='lat' dir='ltr'><strong>ad</strong></span> <span class='ocrx_word' id='word_1_50' title='bbox 1214 1395 1304 1459; x_wconf 86' lang='lat' dir='ltr'><strong>Pauli</strong></span> <span class='ocrx_word' id='word_1_51' title='bbox 1315 1409 1461 1481; x_wconf 90' lang='lat' dir='ltr'><strong>tempora</strong></span> <span class='ocrx_word' id='word_1_52' title='bbox 1496 1415 1548 1460; x_wconf 91' lang='lat' dir='ltr'><strong>et·</strong></span> 
     </span>
     <span class='ocr_line' id='line_1_8' title="bbox 501 1416 1547 1580; baseline 0.001 -36"><span class='ocrx_word' id='word_1_53' title='bbox 501 1479 634 1559; x_wconf 86' lang='lat' dir='ltr'><strong>venerit,</strong></span> <span class='ocrx_word' id='word_1_54' title='bbox 658 1480 785 1545; x_wconf 90' lang='lat' dir='ltr'><strong>etiamsi</strong></span> <span class='ocrx_word' id='word_1_55' title='bbox 812 1480 907 1546; x_wconf 86' lang='lat' dir='ltr'><strong>Parvi</strong></span> <span class='ocrx_word' id='word_1_56' title='bbox 929 1479 1120 1569; x_wconf 75' lang='lat' dir='ltr'><strong>Labyrinthi</strong></span> <span class='ocrx_word' id='word_1_57' title='bbox 1149 1493 1273 1561; x_wconf 83' lang='lat' dir='ltr'><strong>auctor,</strong></span> <span class='ocrx_word' id='word_1_58' title='bbox 1299 1480 1388 1580; x_wconf 78' lang='lat' dir='ltr'><strong>quod</strong></span> <span class='ocrx_word' id='word_1_59' title='bbox 1414 1416 1547 1567; x_wconf 75' lang='lat' dir='ltr'><strong>quidem</strong></span> 
     </span>
    </p>
   </div>
   <div class='ocr_carea' id='block_1_3' title="bbox 498 1566 1604 1999">
    <p class='ocr_par' dir='ltr' id='par_1_3' title="bbox 498 1566 1604 1999">
     <span class='ocr_line' id='line_1_9' title="bbox 499 1566 1549 1653; baseline 0.003 -24"><span class='ocrx_word' id='word_1_60' title='bbox 499 1579 658 1653; x_wconf 84' lang='lat' dir='ltr'><strong>pernegat</strong></span> <span class='ocrx_word' id='word_1_61' title='bbox 671 1566 919 1653; x_wconf 90' lang='lat' dir='ltr'><strong>Wesselingius‚</strong></span> <span class='ocrx_word' id='word_1_62' title='bbox 934 1581 1049 1631; x_wconf 89' lang='lat' dir='ltr'><strong>contra</strong></span> <span class='ocrx_word' id='word_1_63' title='bbox 1062 1589 1138 1631; x_wconf 91' lang='lat' dir='ltr'><strong>eum</strong></span> <span class='ocrx_word' id='word_1_64' title='bbox 1153 1588 1260 1632; x_wconf 86' lang='lat' dir='ltr'><strong>revera</strong></span> <span class='ocrx_word' id='word_1_65' title='bbox 1275 1567 1447 1653; x_wconf 79' lang='lat' dir='ltr'><strong>scripserit.</strong></span> <span class='ocrx_word' id='word_1_66' title='bbox 1488 1568 1549 1632; x_wconf 85' lang='lat' dir='ltr'><strong>Et·</strong></span> 
     </span>
     <span class='ocr_line' id='line_1_10' title="bbox 500 1651 1547 1740; baseline 0.002 -24"><span class='ocrx_word' id='word_1_67' title='bbox 500 1651 600 1731; x_wconf 89' lang='lat' dir='ltr'><strong>enirn,</strong></span> <span class='ocrx_word' id='word_1_68' title='bbox 627 1654 654 1716; x_wconf 91' lang='lat' dir='ltr'><strong>si</strong></span> <span class='ocrx_word' id='word_1_69' title='bbox 678 1675 760 1740; x_wconf 88' lang='lat' dir='ltr'><strong>opus</strong></span> <span class='ocrx_word' id='word_1_70' title='bbox 783 1652 876 1733; x_wconf 92' lang='lat' dir='ltr'><strong>illud,</strong></span> <span class='ocrx_word' id='word_1_71' title='bbox 903 1666 941 1718; x_wconf 90' lang='lat' dir='ltr'><strong>ut</strong></span> <span class='ocrx_word' id='word_1_72' title='bbox 964 1651 1028 1717; x_wconf 90' lang='lat' dir='ltr'><strong>veri</strong></span> <span class='ocrx_word' id='word_1_73' title='bbox 1054 1653 1159 1717; x_wconf 88' lang='lat' dir='ltr'><strong>simile</strong></span> <span class='ocrx_word' id='word_1_74' title='bbox 1186 1668 1246 1731; x_wconf 93' lang='lat' dir='ltr'><strong>est,</strong></span> <span class='ocrx_word' id='word_1_75' title='bbox 1272 1652 1399 1717; x_wconf 83' lang='lat' dir='ltr'><strong>circiter</strong></span> <span class='ocrx_word' id='word_1_76' title='bbox 1425 1674 1547 1718; x_wconf 87' lang='lat' dir='ltr'><strong>annum</strong></span> 
     </span>
     <span class='ocr_line' id='line_1_11' title="bbox 502 1737 1604 1827; baseline 0.002 -26"><span class='ocrx_word' id='word_1_77' title='bbox 502 1737 626 1802; x_wconf 88' lang='lat' dir='ltr'><strong>Christi</strong></span> <span class='ocrx_word' id='word_1_78' title='bbox 642 1753 712 1803; x_wconf 82' lang='lat'><strong>230.</strong></span> <span class='ocrx_word' id='word_1_79' title='bbox 729 1741 770 1803; x_wconf 87' lang='lat' dir='ltr'><strong>ab</strong></span> <span class='ocrx_word' id='word_1_80' title='bbox 785 1752 925 1816; x_wconf 89' lang='lat' dir='ltr'><strong>auctore,</strong></span> <span class='ocrx_word' id='word_1_81' title='bbox 939 1739 1124 1827; x_wconf 89' lang='lat' dir='ltr'><strong>quicunque</strong></span> <span class='ocrx_word' id='word_1_82' title='bbox 1141 1738 1169 1803; x_wconf 93' lang='lat' dir='ltr'><strong>is</strong></span> <span class='ocrx_word' id='word_1_83' title='bbox 1184 1738 1316 1804; x_wconf 91' lang='lat' dir='ltr'><strong>demum</strong></span> <span class='ocrx_word' id='word_1_84' title='bbox 1332 1739 1439 1819; x_wconf 89' lang='lat' dir='ltr'><strong>fuerit,</strong></span> <span class='ocrx_word' id='word_1_85' title='bbox 1454 1761 1547 1803; x_wconf 91' lang='lat' dir='ltr'><strong>com·</strong></span> <span class='ocrx_word' id='word_1_86' title='bbox 1597 1780 1604 1795; x_wconf 66' lang='lat'>=</span> 
     </span>
     <span class='ocr_line' id='line_1_12' title="bbox 498 1825 1549 1911; baseline 0.002 -22"><span class='ocrx_word' id='word_1_87' title='bbox 498 1825 645 1911; x_wconf 86' lang='lat' dir='ltr'><strong>positum</strong></span> <span class='ocrx_word' id='word_1_88' title='bbox 667 1843 763 1905; x_wconf 90' lang='lat' dir='ltr'><strong>esset,</strong></span> <span class='ocrx_word' id='word_1_89' title='bbox 778 1837 848 1890; x_wconf 91' lang='lat' dir='ltr'><strong>tum</strong></span> <span class='ocrx_word' id='word_1_90' title='bbox 870 1846 945 1890; x_wconf 91' lang='lat' dir='ltr'><strong>vero</strong></span> <span class='ocrx_word' id='word_1_91' title='bbox 966 1825 1094 1890; x_wconf 84' lang='lat' dir='ltr'><strong>vixisset</strong></span> <span class='ocrx_word' id='word_1_92' title='bbox 1115 1826 1273 1890; x_wconf 89' lang='lat' dir='ltr'><strong>Artemon</strong></span> <span class='ocrx_word' id='word_1_93' title='bbox 1296 1847 1398 1889; x_wconf 87' lang='lat' dir='ltr'><strong>annos</strong></span> <span class='ocrx_word' id='word_1_94' title='bbox 1420 1825 1549 1891; x_wconf 89' lang='lat' dir='ltr'><strong>circiter</strong></span> 
     </span>
     <span class='ocr_line' id='line_1_13' title="bbox 498 1909 1548 1999; baseline 0.001 -24"><span class='ocrx_word' id='word_1_95' title='bbox 498 1909 715 1999; x_wconf 88' lang='lat' dir='ltr'><strong>quadraginta</strong></span> <span class='ocrx_word' id='word_1_96' title='bbox 743 1924 818 1999; x_wconf 92' lang='lat' dir='ltr'><strong>post</strong></span> <span class='ocrx_word' id='word_1_97' title='bbox 846 1912 1070 1997; x_wconf 88' lang='lat' dir='ltr'><strong>impugnatam</strong></span> <span class='ocrx_word' id='word_1_98' title='bbox 1099 1910 1236 1975; x_wconf 86' lang='lat' dir='ltr'><strong>haeresin</strong></span> <span class='ocrx_word' id='word_1_99' title='bbox 1265 1910 1336 1998; x_wconf 88' lang='lat' dir='ltr'><strong>ejus</strong></span> <span class='ocrx_word' id='word_1_100' title='bbox 1364 1911 1548 1977; x_wconf 90' lang='lat' dir='ltr'><strong>abeodem</strong></span> 
     </span>
    </p>
   </div>
   <div class='ocr_carea' id='block_1_4' title="bbox 452 1996 1551 4901">
    <p class='ocr_par' dir='ltr' id='par_1_4' title="bbox 498 1996 1551 3357">
     <span class='ocr_line' id='line_1_14' title="bbox 499 1996 1548 2085; baseline 0.001 -23"><span class='ocrx_word' id='word_1_101' title='bbox 499 2010 680 2083; x_wconf 78' lang='lat' dir='ltr'><strong>scriptore3</strong></span> <span class='ocrx_word' id='word_1_102' title='bbox 708 1997 771 2062; x_wconf 93' lang='lat' dir='ltr'><strong>hoc</strong></span> <span class='ocrx_word' id='word_1_103' title='bbox 793 2019 869 2062; x_wconf 91' lang='lat' dir='ltr'><strong>vero</strong></span> <span class='ocrx_word' id='word_1_104' title='bbox 896 1996 992 2061; x_wconf 89' lang='lat' dir='ltr'><strong>fidem</strong></span> <span class='ocrx_word' id='word_1_105' title='bbox 1016 1999 1067 2061; x_wconf 86' lang='lat' dir='ltr'><strong>vix</strong></span> <span class='ocrx_word' id='word_1_106' title='bbox 1093 2010 1243 2085; x_wconf 70' lang='lat' dir='ltr'><strong>superet.</strong></span> <span class='ocrx_word' id='word_1_107' title='bbox 1278 1998 1391 2084; x_wconf 83' lang='lat' dir='ltr'><strong>Vulgo</strong></span> <span class='ocrx_word' id='word_1_108' title='bbox 1416 1998 1548 2085; x_wconf 90' lang='lat' dir='ltr'><strong>quidem</strong></span> 
     </span>
     <span class='ocr_line' id='line_1_15' title="bbox 498 2082 1548 2148; baseline 0 0"><span class='ocrx_word' id='word_1_109' title='bbox 498 2085 662 2148; x_wconf 89' lang='lat' dir='ltr'><strong>Artemon</strong></span> <span class='ocrx_word' id='word_1_110' title='bbox 677 2084 739 2148; x_wconf 91' lang='lat' dir='ltr'><strong>iste</strong></span> <span class='ocrx_word' id='word_1_111' title='bbox 753 2082 809 2148; x_wconf 92' lang='lat' dir='ltr'><strong>diu</strong></span> <span class='ocrx_word' id='word_1_112' title='bbox 824 2096 899 2148; x_wconf 89' lang='lat' dir='ltr'><strong>ante</strong></span> <span class='ocrx_word' id='word_1_113' title='bbox 913 2105 1032 2147; x_wconf 88' lang='lat' dir='ltr'><strong>annum</strong></span> <span class='ocrx_word' id='word_1_114' title='bbox 1050 2083 1141 2147; x_wconf 89' lang='lat' dir='ltr'><strong>illum</strong></span> <span class='ocrx_word' id='word_1_115' title='bbox 1156 2097 1228 2147; x_wconf 78' lang='lat'><strong>230.</strong></span> <span class='ocrx_word' id='word_1_116' title='bbox 1244 2084 1389 2147; x_wconf 79' lang='lat' dir='ltr'><strong>flonrisse</strong></span> <span class='ocrx_word' id='word_1_117' title='bbox 1404 2106 1422 2146; x_wconf 85' lang='lat' dir='ltr'><strong>a</strong></span> <span class='ocrx_word' id='word_1_118' title='bbox 1437 2082 1548 2148; x_wconf 83' lang='lat' dir='ltr'><strong>r&#39;ecen·</strong></span> 
     </span>
     <span class='ocr_line' id='line_1_16' title="bbox 499 2168 1549 2255; baseline 0.003 -23"><span class='ocrx_word' id='word_1_119' title='bbox 499 2170 638 2234; x_wconf 90' lang='lat' dir='ltr'><strong>tioribus</strong></span> <span class='ocrx_word' id='word_1_120' title='bbox 660 2169 823 2250; x_wconf 86' lang='lat' dir='ltr'><strong>statuitur,</strong></span> <span class='ocrx_word' id='word_1_121' title='bbox 843 2168 902 2234; x_wconf 92' lang='lat' dir='ltr'><strong>sed</strong></span> <span class='ocrx_word' id='word_1_122' title='bbox 924 2182 1033 2234; x_wconf 89' lang='lat' dir='ltr'><strong>tamen</strong></span> <span class='ocrx_word' id='word_1_123' title='bbox 1055 2174 1117 2252; x_wconf 77' lang='grc' dir='ltr'><strong>ἅμα</strong></span> <span class='ocrx_word' id='word_1_124' title='bbox 1153 2169 1233 2255; x_wconf 72' lang='grc' dir='ltr'><strong><em>ίροος,</em></strong></span> <span class='ocrx_word' id='word_1_125' title='bbox 1253 2170 1314 2233; x_wconf 89' lang='lat' dir='ltr'><strong>etsi</strong></span> <span class='ocrx_word' id='word_1_126' title='bbox 1335 2169 1549 2255; x_wconf 88' lang='lat' dir='ltr'><strong>Epiphanius,</strong></span> 
     </span>
     <span class='ocr_line' id='line_1_17' title="bbox 499 2254 1547 2343; baseline -0.001 -23"><span class='ocrx_word' id='word_1_127' title='bbox 499 2256 629 2334; x_wconf 81' lang='lat' dir='ltr'><strong>scimuS,</strong></span> <span class='ocrx_word' id='word_1_128' title='bbox 645 2255 685 2320; x_wconf 90' lang='lat' dir='ltr'><strong>de</strong></span> <span class='ocrx_word' id='word_1_129' title='bbox 702 2256 800 2321; x_wconf 84' lang='lat' dir='ltr'><strong>Paulo</strong></span> <span class='ocrx_word' id='word_1_130' title='bbox 816 2256 887 2320; x_wconf 85' lang='lat' dir='ltr'><strong>haec</strong></span> <span class='ocrx_word' id='word_1_131' title='bbox 901 2254 1010 2334; x_wconf 83' lang='lat' dir='ltr'><strong>habet,</strong></span> <span class='ocrx_word' id='word_1_132' title='bbox 1024 2257 1178 2319; x_wconf 78' lang='grc' dir='ltr'><strong><em>ἄνεκαινοσο</em></strong></span> <span class='ocrx_word' id='word_1_133' title='bbox 1196 2255 1244 2333; x_wconf 74' lang='grc' dir='ltr'><strong>τὴν</strong></span> <span class='ocrx_word' id='word_1_134' title='bbox 1259 2256 1364 2343; x_wconf 62' lang='grc' dir='ltr'><strong>αἵρεσιν</strong></span> <span class='ocrx_word' id='word_1_135' title='bbox 1379 2263 1426 2319; x_wconf 84' lang='grc' dir='ltr'><strong>τοῦ</strong></span> <span class='ocrx_word' id='word_1_136' title='bbox 1445 2254 1547 2341; x_wconf 76' lang='lat' dir='ltr'><strong>&#39;Apri-</strong></span> 
     </span>
     <span class='ocr_line' id='line_1_18' title="bbox 499 2339 1547 2429; baseline 0.004 -25"><span class='ocrx_word' id='word_1_137' title='bbox 499 2368 602 2425; x_wconf 81' lang='grc' dir='ltr'><strong><em>μοοοος,</em></strong></span> <span class='ocrx_word' id='word_1_138' title='bbox 626 2344 686 2429; x_wconf 77' lang='lat' dir='ltr'><strong>arpi</strong></span> <span class='ocrx_word' id='word_1_139' title='bbox 712 2346 779 2406; x_wconf 79' lang='grc' dir='ltr'><strong><em>ἐτῶν</em></strong></span> <span class='ocrx_word' id='word_1_140' title='bbox 800 2351 920 2407; x_wconf 66' lang='grc' dir='ltr'><strong><em>πολλῶν</em></strong></span> <span class='ocrx_word' id='word_1_141' title='bbox 942 2339 988 2422; x_wconf 73' lang='lat' dir='ltr'><strong>nol</strong></span> <span class='ocrx_word' id='word_1_142' title='bbox 1010 2339 1187 2424; x_wconf 67' lang='grc' dir='ltr'><strong><em>ἐσὸεσμέοου.</em></strong></span> <span class='ocrx_word' id='word_1_143' title='bbox 1214 2341 1308 2405; x_wconf 79' lang='lat' dir='ltr'><strong>Hoer.</strong></span> <span class='ocrx_word' id='word_1_144' title='bbox 1322 2341 1384 2405; x_wconf 86' lang='lat' dir='ltr'><strong>lxv.</strong></span> <span class='ocrx_word' id='word_1_145' title='bbox 1411 2364 1500 2406; x_wconf 80' lang='lat' dir='ltr'><strong>num.</strong></span> <span class='ocrx_word' id='word_1_146' title='bbox 1518 2358 1547 2409; x_wconf 86' lang='lat'><strong>1.</strong></span> 
     </span>
     <span class='ocr_line' id='line_1_19' title="bbox 501 2427 1547 2516; baseline 0.001 -25"><span class='ocrx_word' id='word_1_147' title='bbox 501 2450 580 2515; x_wconf 88' lang='lat' dir='ltr'><strong>pag.</strong></span> <span class='ocrx_word' id='word_1_148' title='bbox 594 2434 665 2493; x_wconf 81' lang='lat'><strong>608.</strong></span> <span class='ocrx_word' id='word_1_149' title='bbox 682 2449 786 2516; x_wconf 90' lang='lat' dir='ltr'><strong>neque</strong></span> <span class='ocrx_word' id='word_1_150' title='bbox 800 2450 898 2515; x_wconf 90' lang='lat' dir='ltr'><strong>porro</strong></span> <span class='ocrx_word' id='word_1_151' title='bbox 913 2449 952 2492; x_wconf 85' lang='lat' dir='ltr'><strong>ex</strong></span> <span class='ocrx_word' id='word_1_152' title='bbox 968 2427 1098 2492; x_wconf 90' lang='lat' dir='ltr'><strong>Eusebii</strong></span> <span class='ocrx_word' id='word_1_153' title='bbox 1113 2427 1215 2491; x_wconf 91' lang='lat' dir='ltr'><strong>verbis</strong></span> <span class='ocrx_word' id='word_1_154' title='bbox 1231 2427 1272 2491; x_wconf 90' lang='lat' dir='ltr'><strong>ad</strong></span> <span class='ocrx_word' id='word_1_155' title='bbox 1293 2450 1324 2513; x_wconf 90' lang='lat' dir='ltr'><strong>p.</strong></span> <span class='ocrx_word' id='word_1_156' title='bbox 1345 2441 1390 2491; x_wconf 85' lang='lat'><strong>18.</strong></span> <span class='ocrx_word' id='word_1_157' title='bbox 1411 2440 1449 2492; x_wconf 93' lang='lat' dir='ltr'><strong>ut</strong></span> <span class='ocrx_word' id='word_1_158' title='bbox 1469 2428 1547 2508; x_wconf 88' lang='lat' dir='ltr'><strong>dixi,</strong></span> 
     </span>
     <span class='ocr_line' id='line_1_20' title="bbox 502 2514 1551 2600; baseline -0.001 -20"><span class='ocrx_word' id='word_1_159' title='bbox 502 2514 741 2580; x_wconf 88' lang='lat' dir='ltr'><strong>ostendendum</strong></span> <span class='ocrx_word' id='word_1_160' title='bbox 768 2528 828 2595; x_wconf 91' lang='lat' dir='ltr'><strong>est,</strong></span> <span class='ocrx_word' id='word_1_161' title='bbox 853 2536 930 2579; x_wconf 93' lang='lat' dir='ltr'><strong>eum</strong></span> <span class='ocrx_word' id='word_1_162' title='bbox 958 2514 1126 2600; x_wconf 90' lang='lat' dir='ltr'><strong>opinatum</strong></span> <span class='ocrx_word' id='word_1_163' title='bbox 1153 2536 1223 2577; x_wconf 88' lang='lat' dir='ltr'><strong>esse</strong></span> <span class='ocrx_word' id='word_1_164' title='bbox 1238 2514 1292 2576; x_wconf 75' lang='lat' dir='ltr'><strong>ad</strong></span> <span class='ocrx_word' id='word_1_165' title='bbox 1318 2527 1464 2599; x_wconf 90' lang='lat' dir='ltr'><strong>tempora</strong></span> <span class='ocrx_word' id='word_1_166' title='bbox 1490 2536 1551 2579; x_wconf 84' lang='lat' dir='ltr'><strong>sua</strong></span> 
     </span>
     <span class='ocr_line' id='line_1_21' title="bbox 500 2598 1550 2689; baseline 0.001 -24"><span class='ocrx_word' id='word_1_167' title='bbox 500 2600 683 2689; x_wconf 90' lang='lat' dir='ltr'><strong>pervenisse</strong></span> <span class='ocrx_word' id='word_1_168' title='bbox 697 2603 878 2667; x_wconf 89' lang='lat' dir='ltr'><strong>Artemam.</strong></span> <span class='ocrx_word' id='word_1_169' title='bbox 925 2598 1104 2678; x_wconf 87' lang='lat' dir='ltr'><strong>Caeterum,</strong></span> <span class='ocrx_word' id='word_1_170' title='bbox 1121 2600 1205 2664; x_wconf 92' lang='lat' dir='ltr'><strong>utin</strong></span> <span class='ocrx_word' id='word_1_171' title='bbox 1222 2600 1454 2685; x_wconf 86' lang='lat' dir='ltr'><strong>posterioribus</strong></span> <span class='ocrx_word' id='word_1_172' title='bbox 1476 2601 1550 2687; x_wconf 89' lang='lat' dir='ltr'><strong>qui-</strong></span> 
     </span>
     <span class='ocr_line' id='line_1_22' title="bbox 502 2685 1548 2773; baseline -0.001 -21"><span class='ocrx_word' id='word_1_173' title='bbox 502 2688 578 2752; x_wconf 91' lang='lat' dir='ltr'><strong>dem</strong></span> <span class='ocrx_word' id='word_1_174' title='bbox 600 2686 803 2773; x_wconf 90' lang='lat' dir='ltr'><strong>temporibus</strong></span> <span class='ocrx_word' id='word_1_175' title='bbox 823 2707 909 2772; x_wconf 88' lang='lat' dir='ltr'><strong>saepe</strong></span> <span class='ocrx_word' id='word_1_176' title='bbox 927 2708 989 2750; x_wconf 92' lang='lat' dir='ltr'><strong>usu</strong></span> <span class='ocrx_word' id='word_1_177' title='bbox 1004 2686 1100 2764; x_wconf 92' lang='lat' dir='ltr'><strong>venit,</strong></span> <span class='ocrx_word' id='word_1_178' title='bbox 1118 2685 1164 2750; x_wconf 88' lang='lat' dir='ltr'><strong>ita</strong></span> <span class='ocrx_word' id='word_1_179' title='bbox 1182 2708 1201 2748; x_wconf 88' lang='lat' dir='ltr'><strong>a</strong></span> <span class='ocrx_word' id='word_1_180' title='bbox 1224 2686 1257 2749; x_wconf 87' lang='lat' dir='ltr'><strong>S.</strong></span> <span class='ocrx_word' id='word_1_181' title='bbox 1276 2686 1445 2771; x_wconf 89' lang='lat' dir='ltr'><strong>Pamphilo</strong></span> <span class='ocrx_word' id='word_1_182' title='bbox 1460 2709 1548 2751; x_wconf 86' lang='lat' dir='ltr'><strong>mar·</strong></span> 
     </span>
     <span class='ocr_line' id='line_1_23' title="bbox 501 2771 1548 2862; baseline -0.001 -23"><span class='ocrx_word' id='word_1_183' title='bbox 501 2786 576 2862; x_wconf 89' lang='lat' dir='ltr'><strong>tyre</strong></span> <span class='ocrx_word' id='word_1_184' title='bbox 590 2772 623 2839; x_wconf 88' lang='lat' dir='ltr'><strong>in</strong></span> <span class='ocrx_word' id='word_1_185' title='bbox 640 2772 797 2861; x_wconf 84' lang='lat' dir='ltr'><strong>Apologia</strong></span> <span class='ocrx_word' id='word_1_186' title='bbox 807 2788 867 2860; x_wconf 93' lang='lat' dir='ltr'><strong>pro</strong></span> <span class='ocrx_word' id='word_1_187' title='bbox 884 2771 1018 2862; x_wconf 84' lang='lat' dir='ltr'><strong>Origene</strong></span> <span class='ocrx_word' id='word_1_188' title='bbox 1033 2794 1105 2859; x_wconf 82' lang='lat' dir='ltr'><strong>cap.</strong></span> <span class='ocrx_word' id='word_1_189' title='bbox 1121 2787 1151 2837; x_wconf 85' lang='lat'><strong>5.</strong></span> <span class='ocrx_word' id='word_1_190' title='bbox 1171 2771 1238 2835; x_wconf 92' lang='lat' dir='ltr'><strong>duo</strong></span> <span class='ocrx_word' id='word_1_191' title='bbox 1255 2772 1307 2837; x_wconf 90' lang='lat' dir='ltr'><strong>isti</strong></span> <span class='ocrx_word' id='word_1_192' title='bbox 1323 2772 1467 2838; x_wconf 87' lang='lat' dir='ltr'><strong>haeretici</strong></span> <span class='ocrx_word' id='word_1_193' title='bbox 1482 2771 1548 2838; x_wconf 88' lang='lat' dir='ltr'><strong>Ar·</strong></span> 
     </span>
     <span class='ocr_line' id='line_1_24' title="bbox 501 2859 1550 2948; baseline 0.001 -23"><span class='ocrx_word' id='word_1_194' title='bbox 501 2874 607 2925; x_wconf 87' lang='lat' dir='ltr'><strong>ternas</strong></span> <span class='ocrx_word' id='word_1_195' title='bbox 630 2875 663 2925; x_wconf 90' lang='lat' dir='ltr'><strong>et</strong></span> <span class='ocrx_word' id='word_1_196' title='bbox 684 2862 802 2925; x_wconf 90' lang='lat' dir='ltr'><strong>Paulus</strong></span> <span class='ocrx_word' id='word_1_197' title='bbox 823 2859 1086 2948; x_wconf 82' lang='lat' dir='ltr'><strong>conjunguntur:</strong></span> <span class='ocrx_word' id='word_1_198' title='bbox 1112 2859 1219 2923; x_wconf 85' lang='lat' dir='ltr'><strong>Tertia</strong></span> <span class='ocrx_word' id='word_1_199' title='bbox 1243 2859 1449 2944; x_wconf 89' lang='lat' dir='ltr'><strong>(criminatio)</strong></span> <span class='ocrx_word' id='word_1_200' title='bbox 1475 2883 1550 2948; x_wconf 82' lang='lat' dir='ltr'><strong>quoe</strong></span> 
     </span>
     <span class='ocr_line' id='line_1_25' title="bbox 502 2943 1550 3032; baseline -0.001 -20"><span class='ocrx_word' id='word_1_201' title='bbox 502 2945 553 3012; x_wconf 89' lang='lat' dir='ltr'><strong>his</strong></span> <span class='ocrx_word' id='word_1_202' title='bbox 576 2945 716 3011; x_wconf 84' lang='lat' dir='ltr'><strong>omnihus</strong></span> <span class='ocrx_word' id='word_1_203' title='bbox 737 2945 829 3011; x_wconf 85' lang='lat' dir='ltr'><strong>ualde</strong></span> <span class='ocrx_word' id='word_1_204' title='bbox 850 2943 1007 3013; x_wconf 88' lang='lat' dir='ltr'><strong>contraria</strong></span> <span class='ocrx_word' id='word_1_205' title='bbox 1028 2955 1086 3024; x_wconf 91' lang='lat' dir='ltr'><strong>est,</strong></span> <span class='ocrx_word' id='word_1_206' title='bbox 1107 2945 1191 3032; x_wconf 84' lang='lat' dir='ltr'><strong>quod</strong></span> <span class='ocrx_word' id='word_1_207' title='bbox 1210 2945 1317 3010; x_wconf 86' lang='lat' dir='ltr'><strong>dicunt</strong></span> <span class='ocrx_word' id='word_1_208' title='bbox 1339 2969 1420 3025; x_wconf 86' lang='lat' dir='ltr'><strong>eum,</strong></span> <span class='ocrx_word' id='word_1_209' title='bbox 1442 2956 1550 3011; x_wconf 84' lang='lat' dir='ltr'><strong>secun-</strong></span> 
     </span>
     <span class='ocr_line' id='line_1_26' title="bbox 502 3031 1549 3116; baseline 0.001 -19"><span class='ocrx_word' id='word_1_210' title='bbox 502 3033 579 3097; x_wconf 87' lang='lat' dir='ltr'><strong>dum</strong></span> <span class='ocrx_word' id='word_1_211' title='bbox 592 3035 758 3097; x_wconf 81' lang='lat' dir='ltr'><strong>Artemam</strong></span> <span class='ocrx_word' id='word_1_212' title='bbox 777 3032 825 3097; x_wconf 86' lang='lat' dir='ltr'><strong>vel</strong></span> <span class='ocrx_word' id='word_1_213' title='bbox 844 3032 980 3097; x_wconf 88' lang='lat' dir='ltr'><strong>Paulum</strong></span> <span class='ocrx_word' id='word_1_214' title='bbox 999 3031 1234 3097; x_wconf 85' lang='lat' dir='ltr'><strong>Samosotenum</strong></span> <span class='ocrx_word' id='word_1_215' title='bbox 1253 3047 1367 3116; x_wconf 86' lang='lat' dir='ltr'><strong>purum</strong></span> <span class='ocrx_word' id='word_1_216' title='bbox 1383 3032 1549 3113; x_wconf 86' lang='lat' dir='ltr'><strong>hominem,</strong></span> 
     </span>
     <span class='ocr_line' id='line_1_27' title="bbox 503 3117 1549 3198; baseline -0.001 -15"><span class='ocrx_word' id='word_1_217' title='bbox 503 3118 609 3198; x_wconf 82' lang='lat' dir='ltr'><strong>idest,</strong></span> <span class='ocrx_word' id='word_1_218' title='bbox 623 3142 682 3183; x_wconf 90' lang='lat' dir='ltr'><strong>non</strong></span> <span class='ocrx_word' id='word_1_219' title='bbox 696 3121 793 3182; x_wconf 86' lang='lat' dir='ltr'><strong>etiam</strong></span> <span class='ocrx_word' id='word_1_220' title='bbox 808 3120 922 3196; x_wconf 87' lang='lat' dir='ltr'><strong>Deum,</strong></span> <span class='ocrx_word' id='word_1_221' title='bbox 936 3118 1036 3182; x_wconf 86' lang='lat' dir='ltr'><strong>dicere</strong></span> <span class='ocrx_word' id='word_1_222' title='bbox 1053 3117 1210 3181; x_wconf 82' lang='lat' dir='ltr'><strong>Christum</strong></span> <span class='ocrx_word' id='word_1_223' title='bbox 1230 3117 1344 3180; x_wconf 87' lang='lat' dir='ltr'><strong>Filium</strong></span> <span class='ocrx_word' id='word_1_224' title='bbox 1359 3118 1433 3182; x_wconf 89' lang='lat' dir='ltr'><strong>Dei.</strong></span> <span class='ocrx_word' id='word_1_225' title='bbox 1476 3120 1549 3182; x_wconf 88' lang='lat' dir='ltr'><strong>De·</strong></span> 
     </span>
     <span class='ocr_line' id='line_1_28' title="bbox 503 3201 1550 3292; baseline -0.002 -22"><span class='ocrx_word' id='word_1_226' title='bbox 503 3204 601 3292; x_wconf 92' lang='lat' dir='ltr'><strong>nique</strong></span> <span class='ocrx_word' id='word_1_227' title='bbox 615 3205 748 3283; x_wconf 88' lang='lat' dir='ltr'><strong>notab0,</strong></span> <span class='ocrx_word' id='word_1_228' title='bbox 764 3225 881 3268; x_wconf 90' lang='lat' dir='ltr'><strong>nomen</strong></span> <span class='ocrx_word' id='word_1_229' title='bbox 895 3204 1061 3268; x_wconf 83' lang='lat' dir='ltr'><strong>Artemam</strong></span> <span class='ocrx_word' id='word_1_230' title='bbox 1076 3203 1116 3266; x_wconf 89' lang='lat' dir='ltr'><strong>ad</strong></span> <span class='ocrx_word' id='word_1_231' title='bbox 1131 3202 1228 3265; x_wconf 89' lang='lat' dir='ltr'><strong>finem</strong></span> <span class='ocrx_word' id='word_1_232' title='bbox 1242 3201 1384 3288; x_wconf 72' lang='lat' dir='ltr'><strong>epistolae</strong></span> <span class='ocrx_word' id='word_1_233' title='bbox 1395 3203 1492 3267; x_wconf 89' lang='lat' dir='ltr'><strong>Pauli</strong></span> <span class='ocrx_word' id='word_1_234' title='bbox 1507 3203 1550 3268; x_wconf 84' lang='lat' dir='ltr'><strong>od</strong></span> 
     </span>
     <span class='ocr_line' id='line_1_29' title="bbox 505 3291 749 3357; baseline -0.008 -1"><span class='ocrx_word' id='word_1_235' title='bbox 505 3291 615 3357; x_wconf 82' lang='lat' dir='ltr'><strong>Titum</strong></span> <span class='ocrx_word' id='word_1_236' title='bbox 630 3304 749 3355; x_wconf 85' lang='lat' dir='ltr'><strong>extare.</strong></span> 
     </span>
    </p>

    <p class='ocr_par' dir='ltr' id='par_1_5' title="bbox 496 3371 1551 4677">
     <span class='ocr_line' id='line_1_30' title="bbox 549 3371 1548 3461; baseline -0.003 -19"><span class='ocrx_word' id='word_1_237' title='bbox 549 3379 584 3442; x_wconf 89' lang='lat' dir='ltr'><strong>P.</strong></span> <span class='ocrx_word' id='word_1_238' title='bbox 594 3384 665 3442; x_wconf 80' lang='lat'><strong>486.</strong></span> <span class='ocrx_word' id='word_1_239' title='bbox 681 3377 703 3440; x_wconf 87' lang='lat' dir='ltr'><strong>l.</strong></span> <span class='ocrx_word' id='word_1_240' title='bbox 718 3392 764 3442; x_wconf 86' lang='lat'><strong>15.</strong></span> <span class='ocrx_word' id='word_1_241' title='bbox 787 3375 1009 3461; x_wconf 79' lang='grc' dir='ltr'><strong><em>κοοοοαείτοοσαο]</em></strong></span> <span class='ocrx_word' id='word_1_242' title='bbox 1032 3373 1168 3454; x_wconf 77' lang='lat' dir='ltr'><strong>Addidit</strong></span> <span class='ocrx_word' id='word_1_243' title='bbox 1183 3371 1254 3437; x_wconf 88' lang='lat' dir='ltr'><strong>haec</strong></span> <span class='ocrx_word' id='word_1_244' title='bbox 1270 3372 1462 3438; x_wconf 85' lang='lat' dir='ltr'><strong>historicus:</strong></span> <span class='ocrx_word' id='word_1_245' title='bbox 1487 3375 1548 3439; x_wconf 82' lang='lat' dir='ltr'><strong>Kal</strong></span> 
     </span>
     <span class='ocr_line' id='line_1_31' title="bbox 502 3457 1549 3547; baseline -0.003 -20"><span class='ocrx_word' id='word_1_246' title='bbox 502 3472 596 3528; x_wconf 83' lang='grc' dir='ltr'><strong><em>ταῦτα</em></strong></span> <span class='ocrx_word' id='word_1_247' title='bbox 614 3464 665 3545; x_wconf 78' lang='grc' dir='ltr'><strong>μὲν</strong></span> <span class='ocrx_word' id='word_1_248' title='bbox 686 3467 815 3527; x_wconf 74' lang='grc' dir='ltr'><strong>ἐνταυθοῖ</strong></span> <span class='ocrx_word' id='word_1_249' title='bbox 833 3463 937 3526; x_wconf 59' lang='lat' dir='ltr'><strong>arihis.</strong></span> <span class='ocrx_word' id='word_1_250' title='bbox 959 3469 1006 3525; x_wconf 79' lang='grc' dir='ltr'><strong>τοῦ</strong></span> <span class='ocrx_word' id='word_1_251' title='bbox 1022 3464 1051 3538; x_wconf 75' lang='grc' dir='ltr'><strong>δὴ</strong></span> <span class='ocrx_word' id='word_1_252' title='bbox 1068 3460 1111 3524; x_wconf 80' lang='grc' dir='ltr'><strong>οὖν</strong></span> <span class='ocrx_word' id='word_1_253' title='bbox 1128 3459 1246 3524; x_wconf 77' lang='grc' dir='ltr'>Παύλου</span> <span class='ocrx_word' id='word_1_254' title='bbox 1260 3461 1310 3524; x_wconf 76' lang='grc' dir='ltr'><strong>σὺν</strong></span> <span class='ocrx_word' id='word_1_255' title='bbox 1323 3457 1370 3540; x_wconf 64' lang='grc' dir='ltr'><strong>κα)</strong></span> <span class='ocrx_word' id='word_1_256' title='bbox 1383 3464 1417 3547; x_wconf 74' lang='grc' dir='ltr'><strong>τῇ</strong></span> <span class='ocrx_word' id='word_1_257' title='bbox 1431 3466 1478 3537; x_wconf 77' lang='grc' dir='ltr'><strong>τῆς</strong></span> <span class='ocrx_word' id='word_1_258' title='bbox 1490 3460 1549 3525; x_wconf 75' lang='grc' dir='ltr'><strong><em>στί·</em></strong></span> 
     </span>
     <span class='ocr_line' id='line_1_32' title="bbox 503 3544 1550 3637; baseline 0.001 -25"><span class='ocrx_word' id='word_1_259' title='bbox 503 3576 572 3625; x_wconf 75' lang='grc' dir='ltr'><strong><em>ςοοος</em></strong></span> <span class='ocrx_word' id='word_1_260' title='bbox 586 3549 727 3637; x_wconf 71' lang='grc' dir='ltr'><strong><em>ὄρθοδοξία</em></strong></span> <span class='ocrx_word' id='word_1_261' title='bbox 740 3556 788 3628; x_wconf 80' lang='grc' dir='ltr'><strong>τῆς</strong></span> <span class='ocrx_word' id='word_1_262' title='bbox 803 3553 950 3625; x_wconf 73' lang='grc' dir='ltr'><strong><em>ἐπισκοπῆς</em></strong></span> <span class='ocrx_word' id='word_1_263' title='bbox 964 3546 1171 3624; x_wconf 61' lang='lat' dir='ltr'><strong>intremiscamus,</strong></span> <span class='ocrx_word' id='word_1_264' title='bbox 1187 3544 1305 3628; x_wconf 83' lang='grc' dir='ltr'><strong><em>Λίμνος,</em></strong></span> <span class='ocrx_word' id='word_1_265' title='bbox 1321 3548 1356 3620; x_wconf 67' lang='grc' dir='ltr'><strong>οἷς</strong></span> <span class='ocrx_word' id='word_1_266' title='bbox 1371 3544 1483 3633; x_wconf 67' lang='grc' dir='ltr'><strong><em>τίμησας,</em></strong></span> <span class='ocrx_word' id='word_1_267' title='bbox 1501 3550 1550 3627; x_wconf 77' lang='grc' dir='ltr'><strong>τὴν</strong></span> 
     </span>
     <span class='ocr_line' id='line_1_33' title="bbox 503 3632 1550 3722; baseline -0.004 -22"><span class='ocrx_word' id='word_1_268' title='bbox 503 3636 677 3722; x_wconf 70' lang='grc' dir='ltr'><strong><em>λειτουργίαν</em></strong></span> <span class='ocrx_word' id='word_1_269' title='bbox 696 3643 744 3712; x_wconf 78' lang='grc' dir='ltr'><strong>τῆς</strong></span> <span class='ocrx_word' id='word_1_270' title='bbox 763 3640 839 3699; x_wconf 76' lang='grc' dir='ltr'><strong><em>κατὰ</em></strong></span> <span class='ocrx_word' id='word_1_271' title='bbox 858 3634 1031 3720; x_wconf 69' lang='grc' dir='ltr'><strong>Ἀντιόχειαν</strong></span> <span class='ocrx_word' id='word_1_272' title='bbox 1050 3633 1201 3712; x_wconf 74' lang='grc' dir='ltr'><strong><em>ἐκκλησίας</em></strong></span> <span class='ocrx_word' id='word_1_273' title='bbox 1221 3632 1366 3711; x_wconf 73' lang='grc' dir='ltr'><strong>διεδέξατο.</strong></span> <span class='ocrx_word' id='word_1_274' title='bbox 1395 3636 1475 3703; x_wconf 76' lang='grc' dir='ltr'><strong><em>ἀλλὰ</em></strong></span> <span class='ocrx_word' id='word_1_275' title='bbox 1489 3639 1550 3722; x_wconf 64' lang='grc' dir='ltr'><strong>γὰρ</strong></span> 
     </span>
     <span class='ocr_line' id='line_1_34' title="bbox 502 3716 1549 3804; baseline -0.004 -18"><span class='ocrx_word' id='word_1_276' title='bbox 502 3727 637 3804; x_wconf 76' lang='grc' dir='ltr'><strong><em>μηδαμῶς</em></strong></span> <span class='ocrx_word' id='word_1_277' title='bbox 659 3728 768 3800; x_wconf 62' lang='lat' dir='ltr'><strong>incisor</strong></span> <span class='ocrx_word' id='word_1_278' title='bbox 788 3727 837 3784; x_wconf 81' lang='grc' dir='ltr'><strong>τοῦ</strong></span> <span class='ocrx_word' id='word_1_279' title='bbox 860 3721 978 3784; x_wconf 76' lang='grc' dir='ltr'><strong><em>Παύλου</em></strong></span> <span class='ocrx_word' id='word_1_280' title='bbox 1000 3726 1049 3783; x_wconf 83' lang='grc' dir='ltr'><strong>τοῦ</strong></span> <span class='ocrx_word' id='word_1_281' title='bbox 1070 3725 1116 3796; x_wconf 77' lang='grc' dir='ltr'><strong>τῆς</strong></span> <span class='ocrx_word' id='word_1_282' title='bbox 1137 3716 1289 3797; x_wconf 76' lang='grc' dir='ltr'><strong><em>ἐκκλησίας</em></strong></span> <span class='ocrx_word' id='word_1_283' title='bbox 1313 3717 1386 3782; x_wconf 83' lang='grc' dir='ltr'><strong><em>οίκου</em></strong></span> <span class='ocrx_word' id='word_1_284' title='bbox 1409 3720 1549 3794; x_wconf 69' lang='grc' dir='ltr'><strong><em>θέλοντος·</em></strong></span> 
     </span>
     <span class='ocr_line' id='line_1_35' title="bbox 502 3803 1549 3894; baseline -0.003 -23"><span class='ocrx_word' id='word_1_285' title='bbox 502 3810 639 3888; x_wconf 79' lang='grc' dir='ltr'><strong><em>βασιλεὺς</em></strong></span> <span class='ocrx_word' id='word_1_286' title='bbox 656 3809 811 3894; x_wconf 74' lang='grc' dir='ltr'><strong>ἐντευχθεὶς</strong></span> <span class='ocrx_word' id='word_1_287' title='bbox 831 3809 1012 3894; x_wconf 66' lang='grc' dir='ltr'><strong><em>Αὐρηλοανὸς,</em></strong></span> <span class='ocrx_word' id='word_1_288' title='bbox 1026 3807 1186 3869; x_wconf 65' lang='lat' dir='ltr'><strong>alermum</strong></span> <span class='ocrx_word' id='word_1_289' title='bbox 1199 3805 1317 3890; x_wconf 70' lang='lat' dir='ltr'><strong>empirei</strong></span> <span class='ocrx_word' id='word_1_290' title='bbox 1333 3805 1468 3892; x_wconf 76' lang='lat' dir='ltr'><strong>nrpaure&#39;e</strong></span> <span class='ocrx_word' id='word_1_291' title='bbox 1483 3803 1549 3868; x_wconf 83' lang='grc' dir='ltr'><strong><em>ὃιοί·</em></strong></span> 
     </span>
     <span class='ocr_line' id='line_1_36' title="bbox 504 3888 1549 3979; baseline -0.004 -20"><span class='ocrx_word' id='word_1_292' title='bbox 504 3911 585 3977; x_wconf 70' lang='lat' dir='ltr'><strong>hapa·</strong></span> <span class='ocrx_word' id='word_1_293' title='bbox 608 3894 711 3968; x_wconf 77' lang='grc' dir='ltr'><strong><em>τούτοις</em></strong></span> <span class='ocrx_word' id='word_1_294' title='bbox 726 3899 813 3977; x_wconf 77' lang='grc' dir='ltr'><strong><em>οεῖμαη</em></strong></span> <span class='ocrx_word' id='word_1_295' title='bbox 828 3893 987 3979; x_wconf 58' lang='lat' dir='ltr'><strong>arpos-eiciar</strong></span> <span class='ocrx_word' id='word_1_296' title='bbox 1000 3892 1049 3956; x_wconf 81' lang='lat' dir='ltr'><strong>rit</strong></span> <span class='ocrx_word' id='word_1_297' title='bbox 1066 3891 1149 3971; x_wconf 76' lang='grc' dir='ltr'><strong><em>οἶκον,</em></strong></span> <span class='ocrx_word' id='word_1_298' title='bbox 1164 3890 1202 3965; x_wconf 71' lang='grc' dir='ltr'><strong>οἷς</strong></span> <span class='ocrx_word' id='word_1_299' title='bbox 1220 3888 1254 3954; x_wconf 82' lang='lat' dir='ltr'><strong>air</strong></span> <span class='ocrx_word' id='word_1_300' title='bbox 1275 3895 1300 3953; x_wconf 88' lang='lat' dir='ltr'><strong>oi</strong></span> <span class='ocrx_word' id='word_1_301' title='bbox 1317 3895 1394 3955; x_wconf 78' lang='grc' dir='ltr'><strong><em>κατὰ</em></strong></span> <span class='ocrx_word' id='word_1_302' title='bbox 1408 3894 1456 3969; x_wconf 75' lang='grc' dir='ltr'><strong>τὴν</strong></span> <span class='ocrx_word' id='word_1_303' title='bbox 1469 3894 1549 3955; x_wconf 84' lang='grc' dir='ltr'><strong><em>Ἰτα-</em></strong></span> 
     </span>
     <span class='ocr_line' id='line_1_37' title="bbox 502 3975 1548 4063; baseline -0.005 -18"><span class='ocrx_word' id='word_1_304' title='bbox 502 3979 569 4045; x_wconf 90' lang='grc' dir='ltr'><strong><em>λίαν</em></strong></span> <span class='ocrx_word' id='word_1_305' title='bbox 590 3982 638 4044; x_wconf 76' lang='grc' dir='ltr'><strong>καὶ</strong></span> <span class='ocrx_word' id='word_1_306' title='bbox 661 3985 709 4058; x_wconf 79' lang='grc' dir='ltr'><strong>τὴν</strong></span> <span class='ocrx_word' id='word_1_307' title='bbox 727 3979 872 4063; x_wconf 81' lang='grc' dir='ltr'><strong><em>Ῥωμαίων</em></strong></span> <span class='ocrx_word' id='word_1_308' title='bbox 891 3979 978 4042; x_wconf 77' lang='grc' dir='ltr'><strong><em>στόλον</em></strong></span> <span class='ocrx_word' id='word_1_309' title='bbox 999 3978 1140 4042; x_wconf 76' lang='grc' dir='ltr'><strong><em>ἐπίσκοποι</em></strong></span> <span class='ocrx_word' id='word_1_310' title='bbox 1155 3983 1204 4040; x_wconf 84' lang='grc' dir='ltr'><strong>τοῦ</strong></span> <span class='ocrx_word' id='word_1_311' title='bbox 1218 3975 1356 4060; x_wconf 74' lang='grc' dir='ltr'><strong><em>δόγματος</em></strong></span> <span class='ocrx_word' id='word_1_312' title='bbox 1370 3976 1548 4050; x_wconf 63' lang='lat' dir='ltr'><strong>irretirent.</strong></span> 
     </span>
     <span class='ocr_line' id='line_1_38' title="bbox 503 4060 1549 4150; baseline -0.004 -20"><span class='ocrx_word' id='word_1_313' title='bbox 503 4066 575 4130; x_wconf 74' lang='lat' dir='ltr'><strong>airu</strong></span> <span class='ocrx_word' id='word_1_314' title='bbox 590 4070 657 4144; x_wconf 73' lang='lat' dir='ltr'><strong>hira</strong></span> <span class='ocrx_word' id='word_1_315' title='bbox 674 4072 686 4128; x_wconf 85' lang='grc' dir='ltr'><strong><em>ὁ</em></strong></span> <span class='ocrx_word' id='word_1_316' title='bbox 702 4091 731 4128; x_wconf 81' lang='lat' dir='ltr'><strong>or</strong></span> <span class='ocrx_word' id='word_1_317' title='bbox 749 4067 892 4144; x_wconf 71' lang='grc' dir='ltr'><strong><em>οδηλοοθείς</em></strong></span> <span class='ocrx_word' id='word_1_318' title='bbox 910 4068 976 4150; x_wconf 76' lang='grc' dir='ltr'><strong>ἀνὴρ</strong></span> <span class='ocrx_word' id='word_1_319' title='bbox 996 4070 1071 4147; x_wconf 74' lang='lat' dir='ltr'><strong>perol</strong></span> <span class='ocrx_word' id='word_1_320' title='bbox 1091 4070 1140 4142; x_wconf 76' lang='grc' dir='ltr'><strong>τῆς</strong></span> <span class='ocrx_word' id='word_1_321' title='bbox 1158 4061 1264 4148; x_wconf 68' lang='grc' dir='ltr'><strong><em>ἓχοίτης</em></strong></span> <span class='ocrx_word' id='word_1_322' title='bbox 1287 4060 1413 4146; x_wconf 70' lang='grc' dir='ltr'><strong><em>αἶχίοης,</em></strong></span> <span class='ocrx_word' id='word_1_323' title='bbox 1433 4061 1483 4126; x_wconf 75' lang='grc' dir='ltr'><strong>ὑτό</strong></span> <span class='ocrx_word' id='word_1_324' title='bbox 1500 4069 1549 4141; x_wconf 76' lang='grc' dir='ltr'><strong>τῆς</strong></span> 
     </span>
     <span class='ocr_line' id='line_1_39' title="bbox 504 4093 1549 4240; baseline -0.002 -24"><span class='ocrx_word' id='word_1_325' title='bbox 504 4159 639 4235; x_wconf 77' lang='grc' dir='ltr'><strong><em>κοσμικῆς</em></strong></span> <span class='ocrx_word' id='word_1_326' title='bbox 662 4093 753 4240; x_wconf 60' lang='grc' dir='ltr'><strong><em>ἀρχίς</em></strong></span> <span class='ocrx_word' id='word_1_327' title='bbox 774 4151 947 4229; x_wconf 69' lang='grc' dir='ltr'><strong><em>ἐξελαύνοταη</em></strong></span> <span class='ocrx_word' id='word_1_328' title='bbox 967 4155 1014 4225; x_wconf 77' lang='grc' dir='ltr'><strong>τῆς</strong></span> <span class='ocrx_word' id='word_1_329' title='bbox 1036 4148 1199 4227; x_wconf 81' lang='grc' dir='ltr'><strong><em>ἐκκλησίας.</em></strong></span> <span class='ocrx_word' id='word_1_330' title='bbox 1235 4148 1282 4211; x_wconf 84' lang='lat' dir='ltr'><strong>Et</strong></span> <span class='ocrx_word' id='word_1_331' title='bbox 1302 4147 1370 4211; x_wconf 84' lang='lat' dir='ltr'><strong>haec</strong></span> <span class='ocrx_word' id='word_1_332' title='bbox 1411 4149 1513 4214; x_wconf 85' lang='lat' dir='ltr'><strong>uidem</strong></span> <span class='ocrx_word' id='word_1_333' title='bbox 1528 4173 1549 4214; x_wconf 87' lang='lat' dir='ltr'><strong>a</strong></span> 
     </span>
     <span class='ocr_line' id='line_1_40' title="bbox 496 4234 1551 4322; baseline -0.003 -18"><span class='ocrx_word' id='word_1_334' title='bbox 496 4239 592 4304; x_wconf 86' lang='lat' dir='ltr'><strong>nolis</strong></span> <span class='ocrx_word' id='word_1_335' title='bbox 606 4238 655 4303; x_wconf 89' lang='lat' dir='ltr'><strong>hic</strong></span> <span class='ocrx_word' id='word_1_336' title='bbox 669 4237 770 4303; x_wconf 88' lang='lat' dir='ltr'><strong>relata</strong></span> <span class='ocrx_word' id='word_1_337' title='bbox 784 4237 858 4302; x_wconf 87' lang='lat' dir='ltr'><strong>sint.</strong></span> <span class='ocrx_word' id='word_1_338' title='bbox 897 4237 1000 4322; x_wconf 83' lang='lat' dir='ltr'><strong>Igitur</strong></span> <span class='ocrx_word' id='word_1_339' title='bbox 1016 4258 1085 4302; x_wconf 78' lang='lat' dir='ltr'><strong>mm</strong></span> <span class='ocrx_word' id='word_1_340' title='bbox 1099 4234 1220 4300; x_wconf 89' lang='lat' dir='ltr'><strong>Paulus</strong></span> <span class='ocrx_word' id='word_1_341' title='bbox 1235 4256 1255 4297; x_wconf 88' lang='lat' dir='ltr'><strong>a</strong></span> <span class='ocrx_word' id='word_1_342' title='bbox 1268 4245 1353 4298; x_wconf 86' lang='lat' dir='ltr'><strong>recta</strong></span> <span class='ocrx_word' id='word_1_343' title='bbox 1399 4234 1436 4299; x_wconf 89' lang='lat' dir='ltr'><strong>de</strong></span> <span class='ocrx_word' id='word_1_344' title='bbox 1454 4235 1551 4301; x_wconf 85' lang='lat' dir='ltr'><strong>simul</strong></span> 
     </span>
     <span class='ocr_line' id='line_1_41' title="bbox 504 4320 1548 4410; baseline -0.004 -21"><span class='ocrx_word' id='word_1_345' title='bbox 504 4335 536 4389; x_wconf 86' lang='lat' dir='ltr'><strong>et</strong></span> <span class='ocrx_word' id='word_1_346' title='bbox 552 4324 728 4410; x_wconf 86' lang='lat' dir='ltr'><strong>episcopatu</strong></span> <span class='ocrx_word' id='word_1_347' title='bbox 744 4323 917 4400; x_wconf 79' lang='lat' dir='ltr'><strong>excidisset,</strong></span> <span class='ocrx_word' id='word_1_348' title='bbox 934 4323 1076 4386; x_wconf 88' lang='lat' dir='ltr'><strong>Domnus</strong></span> <span class='ocrx_word' id='word_1_349' title='bbox 1093 4332 1129 4386; x_wconf 91' lang='lat' dir='ltr'><strong>ut</strong></span> <span class='ocrx_word' id='word_1_350' title='bbox 1148 4321 1327 4384; x_wconf 84' lang='lat' dir='ltr'><strong>dictumest</strong></span> <span class='ocrx_word' id='word_1_351' title='bbox 1344 4320 1548 4385; x_wconf 85' lang='lat' dir='ltr'><strong>administra-</strong></span> 
     </span>
     <span class='ocr_line' id='line_1_42' title="bbox 506 4405 1549 4493; baseline -0.003 -19"><span class='ocrx_word' id='word_1_352' title='bbox 506 4410 620 4474; x_wconf 83' lang='lat' dir='ltr'><strong>tionem</strong></span> <span class='ocrx_word' id='word_1_353' title='bbox 638 4408 854 4473; x_wconf 77' lang='lat' dir='ltr'><strong>Antiochensis</strong></span> <span class='ocrx_word' id='word_1_354' title='bbox 876 4406 1012 4472; x_wconf 81' lang='lat' dir='ltr'><strong>ecclesioe</strong></span> <span class='ocrx_word' id='word_1_355' title='bbox 1034 4407 1177 4493; x_wconf 86' lang='lat' dir='ltr'><strong>suscepit.</strong></span> <span class='ocrx_word' id='word_1_356' title='bbox 1215 4405 1367 4470; x_wconf 77' lang='lat' dir='ltr'><strong>Sericum</strong></span> <span class='ocrx_word' id='word_1_357' title='bbox 1390 4406 1549 4471; x_wconf 88' lang='lat' dir='ltr'><strong>Panlnse</strong></span> 
     </span>
     <span class='ocr_line' id='line_1_43' title="bbox 505 4489 1547 4575; baseline -0.004 -16"><span class='ocrx_word' id='word_1_358' title='bbox 505 4496 593 4560; x_wconf 88' lang='lat' dir='ltr'><strong>domo</strong></span> <span class='ocrx_word' id='word_1_359' title='bbox 609 4495 747 4559; x_wconf 72' lang='lat' dir='ltr'><strong>ecclesiae</strong></span> <span class='ocrx_word' id='word_1_360' title='bbox 761 4494 941 4558; x_wconf 84' lang='lat' dir='ltr'><strong>nullatenus</strong></span> <span class='ocrx_word' id='word_1_361' title='bbox 957 4494 1100 4558; x_wconf 80' lang='lat' dir='ltr'><strong>excedere</strong></span> <span class='ocrx_word' id='word_1_362' title='bbox 1113 4492 1206 4558; x_wconf 90' lang='lat' dir='ltr'><strong>uellet</strong></span> <span class='ocrx_word' id='word_1_363' title='bbox 1214 4519 1228 4571; x_wconf 84' lang='lat'><strong>‚-</strong></span> <span class='ocrx_word' id='word_1_364' title='bbox 1250 4489 1468 4575; x_wconf 83' lang='lat' dir='ltr'><strong>interpellatus</strong></span> <span class='ocrx_word' id='word_1_365' title='bbox 1486 4492 1547 4556; x_wconf 88' lang='lat' dir='ltr'><strong>irn-</strong></span> 
     </span>
     <span class='ocr_line' id='line_1_44' title="bbox 502 4577 1550 4677; baseline -0.001 -33"><span class='ocrx_word' id='word_1_366' title='bbox 502 4593 629 4667; x_wconf 89' lang='lat' dir='ltr'><strong>perator</strong></span> <span class='ocrx_word' id='word_1_367' title='bbox 643 4581 833 4646; x_wconf 73' lang='lat' dir='ltr'><strong>Aurelianus</strong></span> <span class='ocrx_word' id='word_1_368' title='bbox 856 4579 1024 4644; x_wconf 79' lang='lat' dir='ltr'><strong>rectissime</strong></span> <span class='ocrx_word' id='word_1_369' title='bbox 1047 4579 1103 4642; x_wconf 89' lang='lat' dir='ltr'><strong>hoc</strong></span> <span class='ocrx_word' id='word_1_370' title='bbox 1120 4579 1278 4677; x_wconf 86' lang='lat' dir='ltr'><strong>negotium</strong></span> <span class='ocrx_word' id='word_1_371' title='bbox 1297 4577 1491 4659; x_wconf 74' lang='lat' dir='ltr'><strong>diirrrlimuh,</strong></span> <span class='ocrx_word' id='word_1_372' title='bbox 1510 4578 1550 4644; x_wconf 89' lang='lat' dir='ltr'><strong>iis</strong></span> 
     </span>
    </p>

    <p class='ocr_par' dir='ltr' id='par_1_6' title="bbox 452 4663 1549 4901">
     <span class='ocr_line' id='line_1_45' title="bbox 452 4663 1548 4754; baseline -0.005 -23"><span class='ocrx_word' id='word_1_373' title='bbox 452 4680 459 4696; x_wconf 85' lang='lat'><strong><em>&#39;</em></strong></span> <span class='ocrx_word' id='word_1_374' title='bbox 505 4669 630 4732; x_wconf 85' lang='lat' dir='ltr'><strong>domum</strong></span> <span class='ocrx_word' id='word_1_375' title='bbox 651 4668 734 4731; x_wconf 80' lang='lat' dir='ltr'><strong>tradi</strong></span> <span class='ocrx_word' id='word_1_376' title='bbox 755 4666 950 4754; x_wconf 73' lang='lat' dir='ltr'><strong>praecipiens,</strong></span> <span class='ocrx_word' id='word_1_377' title='bbox 966 4664 1078 4753; x_wconf 83' lang='lat' dir='ltr'><strong>quihus</strong></span> <span class='ocrx_word' id='word_1_378' title='bbox 1091 4665 1196 4729; x_wconf 78' lang='lat' dir='ltr'><strong>Italici</strong></span> <span class='ocrx_word' id='word_1_379' title='bbox 1214 4663 1403 4728; x_wconf 72' lang='lat' dir='ltr'><strong>Christianae</strong></span> <span class='ocrx_word' id='word_1_380' title='bbox 1419 4663 1548 4751; x_wconf 89' lang='lat' dir='ltr'><strong>religio-</strong></span> 
     </span>
     <span class='ocr_line' id='line_1_46' title="bbox 505 4747 1549 4900; baseline -0.003 -82"><span class='ocrx_word' id='word_1_381' title='bbox 505 4754 554 4818; x_wconf 88' lang='lat' dir='ltr'><strong>nis</strong></span> <span class='ocrx_word' id='word_1_382' title='bbox 576 4755 784 4820; x_wconf 80' lang='lat' dir='ltr'><strong>antistitaret</strong></span> <span class='ocrx_word' id='word_1_383' title='bbox 807 4753 963 4818; x_wconf 88' lang='lat' dir='ltr'><strong>Romanas</strong></span> <span class='ocrx_word' id='word_1_384' title='bbox 982 4752 1140 4900; x_wconf 68' lang='lat' dir='ltr'><strong>epilscopus</strong></span> <span class='ocrx_word' id='word_1_385' title='bbox 1161 4750 1337 4816; x_wconf 78' lang='lat' dir='ltr'><strong>scriberent.</strong></span> <span class='ocrx_word' id='word_1_386' title='bbox 1374 4747 1443 4814; x_wconf 89' lang='lat' dir='ltr'><strong>Hoc</strong></span> <span class='ocrx_word' id='word_1_387' title='bbox 1462 4747 1549 4815; x_wconf 86' lang='lat' dir='ltr'><strong>modo</strong></span> 
     </span>
     <span class='ocr_line' id='line_1_47' title="bbox 993 4851 1066 4901; baseline -0.014 0"><span class='ocrx_word' id='word_1_388' title='bbox 993 4859 1011 4901; x_wconf 74' lang='lat' dir='ltr'><strong>t</strong></span> <span class='ocrx_word' id='word_1_389' title='bbox 1049 4851 1066 4900; x_wconf 88' lang='lat'><strong>3</strong></span> 
     </span>
    </p>
   </div>
   <div class='ocr_carea' id='block_1_5' title="bbox 0 0 2055 5675">
    <p class='ocr_par' dir='ltr' id='par_1_7' title="bbox 0 0 2055 5675">
     <span class='ocr_line' id='line_1_48' title="bbox 0 0 2055 5675; baseline 0 0"><span class='ocrx_word' id='word_1_390' title='bbox 0 0 2055 5675; x_wconf 95' lang='lat' dir='ltr'><strong> </strong></span> 
     </span>
    </p>
   </div>
  </div>
 </body>
</html>
