4092 5675
538 774 829 866 intraretur
845 795 980 862 sust.
996 777 1340 863 Ananrsnou'n.
1388 811 1458 885 ¹227

413 967 485 1038 filio
503 970 621 1050 multa,
635 982 672 1036 ut
693 991 739 1038 ex,
750 968 903 1056 syncello
927 980 1063 1048 constat,
1077 971 1230 1057 posuerit.
1274 973 1322 1036 Ex
1340 970 1454 1038 iisdem

412 1079 437 1143 q
507 1079 549 1122 ue
560 1055 707 1122 Africani
731 1054 901 1120 Chronicis
921 1054 1119 1120 historiolam
1140 1078 1231 1121 suam
1250 1055 1290 1119 de
1313 1056 1454 1122 Herodis

412 1153 491 1208 nats
503 1144 578 1208 rbus
599 1141 798 1230 Epiphanius
821 1154 986 1205 mutuatus
1008 1163 1077 1206 esse
1099 1142 1232 1219 videtur,
1252 1142 1306 1228 qui
1325 1144 1358 1206 in
1373 1142 1455 1206 Hae-

411 1249 476 1294 res.
491 1251 545 1294 xx.
560 1228 644 1292 inter
658 1227 720 1292 alia
733 1226 774 1291 de
789 1227 962 1312 Antipatro
977 1241 1068 1312 patre
1083 1228 1139 1305 ait,
1150 1228 1281 1307 ἐφιλῖωθη
1295 1226 1454 1316 Asparagi&

411 1313 446 1378 in
461 1314 594 1378 nomine
608 1325 716 1380 tamen
731 1334 849 1376 errans.
874 1336 906 1377 n.
922 1328 969 1377 10.
986 1336 1018 1398 p.
1032 1326 1081 1377 45.
1098 1313 1148 1376 ed.
1165 1313 1294 1378 Petaviia

458 1399 545 1464 lbid.
563 1401 587 1464 l.
604 1414 651 1464 12.
681 1401 842 1481 ἐπιμελητὴς
865 1405 912 1476 τῆς
939 1399 1114 1477 Halmium
1136 1398 1328 1485 xpnpaalcoq]
1356 1399 1454 1464 Anti-

411 1499 507 1572 pater
528 1485 670 1550 Herodis
690 1505 813 1583 parens,
827 1484 888 1549 sub
906 1486 1061 1569 Hyrcano
1075 1484 1262 1548 Judaeorum
1283 1504 1358 1571 rege
1378 1507 1453 1570 pro·

410 1570 615 1636 curationem
645 1583 744 1635 totius
772 1570 864 1655 regni
892 1571 1003 1654 gessit,
1033 1584 1065 1633 et
1095 1571 1227 1655 negotia
1254 1583 1321 1634 tam
1350 1570 1455 1634 civilia

414 1677 514 1743 quam
530 1656 678 1721 militaria
693 1655 933 1720 administravit.
968 1657 1081 1741 ltaque
1096 1659 1258 1738 ἐπιμελητὴς
1270 1662 1317 1730 τῆς
1331 1656 1454 1731 Ἰεδαίας

411 1754 448 1808 et
461 1741 605 1829 hirpinos
619 1755 751 1806 vocatur
765 1741 938 1826 aJosepho
951 1741 983 1804 in
999 1742 1086 1805 dicto
1100 1742 1195 1805 libro.
1239 1743 1336 1805 Porro
1351 1741 1455 1805 codex

413 1827 508 1892 Med.
523 1841 558 1892 et
579 1828 674 1891 Savil.
687 1826 872 1914 χρηματίσας
894 1827 1050 1911 seriptum
1072 1826 1203 1905 habent,
1219 1848 1284 1891 non
1298 1827 1452 1913 προκόψας.

412 1914 455 1978 ln
469 1915 563 1978 Maz.
578 1927 687 1976 autern
699 1931 733 1976 et
750 1912 830 1976 l'uk.
846 1912 963 1997 legitur
975 1913 1163 1999 χρηματίσω.
1192 1915 1300 2000 Quam
1317 1914 1454 1999 scriptu-

412 2021 484 2064 ram
505 2000 676 2064 confirmat
695 1998 911 2083 Nioephorus.
956 1999 1008 2062 Sic
1029 2000 1115 2063 enirn
1137 1999 1235 2062 habet
1255 2021 1326 2084 cap.
1345 2018 1375 2078 9.
1398 2000 1454 2063 lib.

413 2084 512 2170 primi
526 2085 682 2170 ηὗτῦχησεν
695 2083 770 2158 οὗτος
784 2087 945 2166 ἐπιμελητὴς
957 2090 1004 2159 τῆς
1018 2084 1193 2160 [lanais-ling
1207 2083 1339 2167 «selibur.
1378 2085 1455 2150 Ele-

412 2182 532 2257 ganter
547 2170 655 2247 Graeci
669 2169 781 2233 'dicunt
796 2173 920 2255 εὐτυχεῖν
934 2172 965 2232 τὸ
980 2170 1110 2254 γενὲὃω.
1134 2172 1166 2233 V
1170 2191 1343 2233 nnssws.
1376 2196 1454 2254 χρη-

412 2256 539 2338 partlm
549 2253 708 2321 Jonesiuni
726 2270 843 2339 exemp.
865 2255 977 2341 Mmg.
1011 2256 1161 2341 experibor
1178 2256 1251 2318 Cod.
1267 2255 1343 2340 Reg.
1359 2256 1455 2320 etad.

413 2341 526 2427 Stept.
541 2363 639 2429 quarn
663 2341 834 2405 lectionem
861 2341 1008 2405 scholion
1032 2363 1102 2404 csse
1123 2353 1214 2425 put0,
1231 2363 1295 2426 quo
1314 2340 1385 2426 quis
1400 2363 1457 2404 vo·

413 2447 488 2492 cem
535 2426 692 2515 ςηματὲσας
714 2426 903 2513 explicabat.
948 2428 1103 2491 Nostram
1118 2426 1289 2490 lectionem
1307 2426 1456 2510 χρηματί-

415 2538 470 2588 σας
506 2455 628 2592 liabent
657 2511 746 2575 Med.
772 2511 875 2577 -Sovil
905 2512 1055 2596 Stephani
1084 2525 1117 2575 ct
1147 2511 1320 2595 Christoplr.
1351 2513 1457 2577 Lecct.

414 2599 590 2664 Sanora.
617 2598 845 2663 'Retinendam
861 2620 925 2683 ego
939 2597 1178 2662 censuiValesii
1195 2596 1364 2660 lectionem
1379 2624 1456 2683 χρη-

411 2684 549 2767 ματίσαι,
565 2705 662 2771 quarn
677 2705 784 2748 revera
799 2703 863 2769 prae
879 2706 913 2746 se
927 2685 990 2747 fert
1005 2683 1070 2747 cod.
1087 2684 1164 2746 MS.
1182 2682 1280 2747 Souil.
1295 2705 1351 2747 seu
1363 2683 1455 2749 Bodl.

409 2769 476 2855 ·(de
487 2770 609 2834 Valesii
627 2770 713 2833 enim
734 2769 846 2834 codice
867 2770 1027 2855 impresso,
1037 2770 1129 2834 variis
1143 2769 1335 2833 lectionibus
1348 2782 1458 2850 aucto,

442 2878 517 2921 nom
530 2855 726 2937 Servilianum
743 2855 894 2942 appellat,
909 2857 1024 2941 saepius
1040 2856 1253 2936 dictumest).
1279 2855 1457 2920 Bodleiano

413 2942 428 3007 i
455 2942 463 2957 ‘
478 2940 579 3007 addas
593 2964 658 3006 non
672 2957 798 3007 tantum
813 2942 889 3005 MS.
905 2942 1043 3028 Norfolc.
1059 2943 1086 3006 si
1101 2957 1250 3006 accurata
1264 2954 1312 3004 est
1327 2940 1458 3006 collatio

415 3028 518 3115 partis
540 3027 653 3115 primae
675 3028 769 3115 hujus
789 3027 920 3105 codiciS,
936 3029 991 3092 sed
1010 3041 1045 3091 et
1059 3029 1170 3114 lllorg.
1186 3025 1371 3112 maniplaris
1387 3027 1458 3091 Ste-

412 3112 590 3199 phanium
603 3114 678 3178 edit.
691 3114 780 3200 quod
794 3114 825 3176 in
840 3113 1036 3177 bibliotheca
1050 3112 1144 3177 Bodl.
1159 3127 1309 3192 servatur.

472 3200 507 3263 P.
528 3213 595 3263 122.
617 3199 639 3264 l.
655 3214 686 3263 2.
717 3202 744 3262 ἐν
766 3204 821 3273 τοῖς
847 3198 969 3285 ἀρχείοις
991 3197 1072 3261 ὄντων
1096 3207 1151 3261 τῶν
1173 3197 1330 3285 Ἐἒςαϊκῶν
1354 3200 1453 3286 γενῶν]
1543 3236 1545 3240 ·

417 3286 508 3351 Mihi
528 3284 570 3349 de
594 3306 673 3350 voce
695 3283 775 3349 ὄντων
798 3284 972 3362 dubitanti,
996 3286 1149 3370 tanquam
1174 3283 1292 3347 rectius
1314 3284 1346 3347 in
1368 3288 1459 3348 αὐτῶν

416 3371 587 3450 mutanda,
601 3370 718 3433 ωάντων
738 3370 901 3468 suggessit
920 3381 1008 3432 vetus
1025 3368 1130 3455 Rufini
1146 3369 1257 3447 rersi0,
1273 3392 1345 3455 quae
1360 3371 1405 3434 sic
1423 3391 1458 3434 se

417 3457 699 3542 habet-*quat
722 3471 779 3540 per
800 3455 880 3519 edem
902 3465 1021 3553 tenipus
1043 3477 1155 3519 omnes
1177 3454 1380 3519 Helroeorum
1399 3479 1458 3543 ge-

415 3543 594 3691 perationes
610 3542 774 3626 descriptae
794 3542 826 3634 in
849 3539 981 3605 archivis
1003 3540 1113 3627 templi
1134 3540 1343 3606 secretioribus
1365 3541 1460 3606 laude·

440 3640 545 3693 antur.
1163 3686 1166 3691 .
1445 3687 1447 3691 .

464 3714 550 3779 lbid.
564 3714 586 3778 l.
599 3726 630 3778 3.
654 3721 707 3777 τῶν
729 3712 798 3799 ἄχρι
819 3713 1016 3800 προσηλύτων]
1035 3711 1160 3778 Mirum
1174 3727 1224 3778 est
1242 3713 1274 3777 in
1293 3712 1459 3778 codicibus

418 3800 540 3866 nostris
554 3801 644 3864 Maz.
657 3799 748 3863 Med.
762 3799 845 3864 Fuk.
860 3822 897 3864 ac
913 3800 1006 3864 Savil.
1022 3800 1118 3864 scribi
1132 3809 1185 3863 τῶν
1199 3799 1458 3884 ἀρχιπροσηλύτων.

418 3884 521 3951 Unde
534 3885 695 3973 conjicere
707 3885 777 3972 quis
792 3898 901 3971 posset
915 3884 1088 3970 legendum
1103 3906 1173 3948 esse
1186 3883 1323 3983 solrflxpr
1339 3888 1392 3946 τῶν
1406 3888 1460 3984 ap:
1577 3929 1580 3934 .

415 3971 649 4059 xmpoorndwn
666 3972 726 4034 &c-
748 3984 785 4035 ut
805 3973 1040 4057 ἀρχιπροσήλυτοι
1063 3970 1127 4035 sint
1148 3969 1304 4055 princlpes
1319 3982 1352 4033 et
1368 3992 1461 4056 quast

417 4055 612 4145 patriarchae
627 4057 884 4144 proselytorum3
907 4055 1090 4142 cujusmodi
1107 4055 1169 4119 fuit
1182 4054 1306 4118 Achior
1320 4056 1459 4137 Amma-

419 4142 518 4221 nites,
532 4155 567 4206 et
583 4141 744 4205 Convenae
766 4142 811 4205 illi
832 4143 889 4228 qui
903 4140 1054 4205 israelitis
1069 4162 1108 4204 ex
1122 4142 1271 4227 AEgypto
1291 4141 1460 4228 egredien-

418 4228 594 4293 tibussese
612 4226 835 4313 adjunxerunt.
881 4229 964 4300 Quae
987 4226 1119 4312 quidem
1140 4226 1359 4311 interpretatio
1381 4228 1461 4292 mihi

378 4388 382 4393 ,
419 4326 509 4379 certe
524 4334 589 4376 non
605 4312 763 4398 displicet.
808 4314 846 4375 ln
869 4313 980 4377 codice
1003 4312 1107 4398 Regio
1129 4312 1282 4397 scriptum
1303 4327 1352 4377 est
1372 4326 1409 4376 ut
1427 4313 1460 4376 in

419 4398 518 4463 editis
533 4397 604 4486 ἄχρι
617 4398 813 4485 προσηλύτων.
857 4398 1063 4483 Nicephorus
1078 4391 1207 4484 quoque
1220 4398 1382 4484 vulgatam
1398 4397 1462 4460 lec·
1532 4403 1534 4407 '

419 4484 547 4549 tionem
562 4497 683 4549 tuetur.
729 4483 826 4547 Paulo
847 4495 921 4546 ante
944 4483 1044 4546 nostri
1064 4483 1192 4546 codices
1208 4484 1297 4547 Maz.
1312 4480 1405 4545 Med.
1422 4505 1460 4546 ac

421 4569 509 4634 Fuk.
523 4570 676 4654 scripturn
690 4567 811 4632 habent
825 4573 860 4642 εἰς
875 4570 906 4630 τὸ
921 4568 993 4647 τότε,
1006 4591 1082 4632 curn
1096 4568 1232 4632 articulo
1246 4566 1460 4653 praepositivo.

420 4651 634 4719 Varamos·
677 4656 832 4717 Nostram
850 4653 1020 4719 lectionem
1041 4662 1093 4718 τῶν
1103 4652 1359 4803 ιέγῗινςροσηλῦτων
1373 4654 1463 4717 exhi-

1127 4762 1145 4803 a

417 4738 502 4834 'bene
515 4740 610 4805 Moz.
626 4739 715 4805 Med.
732 4739 810 4805 Ful.
826 4751 859 4805 et
874 4738 970 4889 Sao.2
985 4739 1083 4806 Unde
1162 4761 1239 4803 estus
1254 4738 1338 4805 forte
1352 4738 1463 4824 legen·

917 4845 940 4889 α
