4092 5675
582 745 626 828 4⁸
696 731 738 768 ··
816 755 819 762 ·
921 736 1334 808 nuuorsnonss·
1445 743 1492 762 ·‘

585 912 766 980 commorari
780 920 883 976 tutum
896 921 996 991 rotus,
1011 909 1220 979 Poiaestinono
1232 910 1337 996 petiit,
1350 921 1382 976 et
1398 910 1554 977 &sorem
1571 910 1628 979 dos

585 997 737 1065 miciliurn
744 996 838 1085 fioit.
884 996 1054 1065 Uolesum
1066 997 1105 1062 oo
1120 996 1208 1062 illius
1220 997 1355 1085 regionis
1367 997 1516 1083 episcopis
1528 1020 1626 1087 rogu-

587 1096 638 1151 tus
653 1094 698 1149 est
712 1096 748 1148 ut
759 1082 882 1170 publice
894 1082 926 1147 in
938 1082 1063 1148 ecclesio
1077 1082 1249 1162 dissereret,
1261 1093 1291 1148 et
1306 1082 1428 1147 diuinus
1442 1082 1626 1169 scripturos,

587 1170 713 1236 tametsi
733 1170 868 1235 nondurn
887 1169 977 1267 presi
1001 1180 1048 1234 ter
1073 1168 1233 1234 ordinatus
1254 1180 1426 1254 reponeret.
1461 1172 1570 1257 Atque
1592 1171 1629 1235 id

585 1255 789 1344 manifestum
801 1254 909 1341 fueret
929 1277 964 1321 ue
998 1278 1038 1320 ex
1053 1254 1091 1319 iis
1106 1277 1180 1342 qnae
1193 1253 1374 1319 Alexander
1395 1253 1628 1343 Hierosolymo·

585 1364 657 1407 runo
681 1354 711 1407 et
739 1341 929 1408 Theoetistus
955 1340 1157 1406 Caesorieosis
1182 1341 1338 1438 episcopus
1364 1340 1406 1405 od
1429 1342 1627 1407 Demetrium

582 1446 641 1514 pro
656 1426 842 1514 liujusfocti
855 1427 1030 1514 defensione
1044 1427 1178 1491 scribunt
1194 1449 1227 1491 on
1238 1427 1317 1491 iuno
1327 1427 1462 1491 modum.
1490 1428 1627 1527 QUOD

585 1534 661 1578 vero
674 1513 709 1579 in
723 1514 824 1579 literis
837 1514 902 1579 tuis
916 1512 1062 1599 adjecisti
1079 1515 1139 1577 &c
1167 1511 1243 1577 Vid.
1259 1526 1293 1578 et
1307 1535 1377 1597 cap.
1390 1526 1439 1589 27.
1455 1512 1554 1602 huJus
1568 1513 1627 1582 lib.-

585 1600 675 1668 Nam
689 1601 731 1665 ab
746 1600 796 1665 his
810 1598 969 1686 episcopis
984 1598 1151 1685 presbyter
1165 1613 1279 1685 postea
1292 1599 1457 1663 ordinatus
1472 1613 1534 1664 est.

631 1687 666 1751 P.
678 1700 729 1751 41.
745 1686 768 1749 l.
783 1701 830 1749 12.
852 1684 1016 1772 Προσέθηκε
1037 1686 1077 1770 δὲ]
1098 1684 1359 1771 Alloquebantur
1371 1684 1578 1752 Demetrium
1592 1685 1628 1751 in

585 1772 682 1837 tertia
702 1793 849 1857 persona,
871 1770 968 1857 idque
989 1769 1121 1835 honoris
1141 1792 1248 1835 causa.
1294 1769 1561 1836 Subaudiendum
1576 1785 1628 1837 cst

585 1857 688 1943 igitur
705 1863 720 1934 ἡ
742 1860 778 1935 ot
799 1856 925 1941 ἂγιότης,
938 1856 1090 1920 sanctitas
1111 1868 1177 1921 tua.
1221 1858 1305 1943 Quae
1324 1877 1419 1920 voces
1436 1856 1507 1921 sine
1524 1858 1627 1924 dubio

611 1955 826 2021 raecesserant,
851 1955 888 2007 ut
912 1954 1075 2006 constaret
1099 1942 1251 2027 apertius,
1276 1940 1304 2005 si
1329 1954 1431 2006 totam
1455 1943 1628 2028 epistolam

630 2028 790 2094 heremus.
811 2030 1021 2093 Vasussus.
1065 2027 1248 2111 προσέθηκας
1268 2026 1371 2113 Rufio.
1398 2027 1505 2114 (Quod
1521 2040 1633 2112 omem·-

586 2112 764 2197 oddidisti).
790 2112 919 2178 Gruteri
937 2114 1040 2178 Lectt.
1055 2114 1172 2201 Margo
1187 2112 1373 2196 compluris
1386 2113 1572 2196 Jonesioni3
1594 2127 1631 2182 at

585 2211 674 2265 recte
694 2201 815 2265 notavit
830 2199 977 2271 Valesius
992 2197 1247 2264 subaudiendum
1262 2220 1332 2263 esse
1352 2205 1367 2276 ἡ
1391 2203 1426 2277 σὴ
1447 2200 1575 2285 tyrim,
1589 2223 1629 2267 ao

585 2287 792 2356 Demetrium
820 2285 951 2352 honoris
979 2308 1077 2350 carisa
1107 2286 1141 2350 in
1173 2284 1268 2350 tertia
1294 2305 1433 2372 persona
1459 2285 1628 2373 appellari.

587 2373 758 2438 Srnoru.
803 2372 919 2437 Statim
934 2386 1009 2459 post
1022 2370 1111 2435 ἐδέπω
1124 2394 1183 2458 pro
1199 2369 1310 2435 §iinon
1325 2370 1358 2434 in
1374 2370 1451 2436 MS.
1462 2371 1530 2435 Nor
1547 2372 1621 2438 oic-
1663 2440 1665 2444 ,

631 2457 817 2524 Ibid.l.14.
840 2460 884 2537 ri,
906 2458 1053 2543 παρόντων
1074 2456 1228 2521 &tondant
1252 2457 1326 2541 δια]
1351 2455 1439 2521 Hinc
1461 2479 1502 2522 co
1528 2459 1630 2559 'gitur

587 2542 763 2629 origenem
788 2544 843 2631 qui
868 2543 1052 2608 catechetes
1076 2544 1182 2606 fuerat
1202 2541 1418 2621 Alexandriae,
1443 2541 1477 2606 in
1493 2558 1629 2643 pusato

586 2629 760 2708 auditori0,
776 2652 840 2693 non
855 2640 963 2692 autem
978 2627 1011 2691 in
1026 2627 1162 2692 ecclesia
1175 2627 1425 2692 catechumenos
1439 2627 1628 2696 insutuissc.

585 2714 704 2799 Neque
717 2714 803 2778 enim
819 2712 1005 2777 Alexandro
1021 2726 1055 2778 et
1071 2712 1261 2777 Theoctisto
1282 2713 1390 2799 episco
1414 2713 1441 2777 is
1455 2714 1490 2778 id
1503 2715 1629 2803 objice·

585 2812 636 2865 ret
655 2800 851 2877 Demetrius,
866 2797 955 2884 quod
974 2799 1151 2886 Origenem
1172 2798 1205 2862 in
1226 2798 1360 2875 ecclesia
1402 2820 1495 2865 ocere
1511 2800 1630 2888 jussis*

585 2899 668 2963 sent,
680 2886 707 2949 si
720 2884 924 2950 Alexandriae
938 2883 1022 2949 idem
1039 2885 1081 2950 ab
1096 2885 1238 2970 Origene
1252 2885 1374 2949 factum
1389 2886 1513 2951 fuisset.
1536 2889 1630 2962 Qua·

585 2971 762 3036 refellitur
787 2971 931 3048 Rullum,
953 2971 1010 3057 qui
1032 2971 1064 3035 in
1086 2992 1157 3058 cap.
1170 2985 1201 3035 3.
1224 2968 1320 3056 hujus
1342 2970 1415 3035 libri
1436 2971 1483 3036 ita
1503 2972 1629 3039 scribit.

589 3056 706 3122 Videns
717 3056 893 3122 Demetrius
906 3057 1063 3142 episcopus
1076 3056 1158 3142 quod
1171 3055 1214 3120 ad
1227 3054 1329 3140 ipsum
1341 3056 1498 3144 praecipue
1511 3059 1629 3124 doctri·

584 3165 639 3208 nce
650 3143 759 3230 gratio
773 3154 803 3207 et
814 3142 1049 3227 praedicationis
1064 3142 1148 3207 verli
1164 3139 1237 3220 Dei,
1248 3140 1466 3207 multitudines
1475 3143 1629 3229 ptorinae

586 3229 791 3307 convolarent,
806 3227 1019 3294 catechizandi
1036 3228 1075 3306 ei,
1090 3228 1124 3293 id
1142 3239 1188 3292 est
1207 3227 1335 3292 docendi
1354 3251 1406 3292 nro
1435 3228 1441 3240 '
1458 3229 1572 3294 terium
1584 3231 1629 3295 in

584 3315 711 3380 ecclesio
733 3315 853 3380 tribuit.
898 3314 996 3380 Certe
1017 3315 1201 3381 catecheses
1216 3314 1295 3378 olim
1311 3336 1375 3378 non
1413 3315 1510 3380 ebant
1524 3315 1557 3379 iu
1571 3338 1628 3382 ec·

583 3402 693 3480 ciceia,
706 3402 762 3467 sed
778 3402 810 3467 in
825 3401 1026 3488 baptisteri0,
1037 3414 1095 3466 aut
1108 3400 1142 3464 in
1151 3401 1265 3485 ¹aliquo
1280 3399 1344 3464 alio
1356 3412 1446 3464 extra
1456 3400 1628 3471 ecclesiam

583 3487 680 3552 loco:
707 3488 803 3551 docet
823 3487 857 3551 id
870 3488 1011 3552 loannes
1034 3486 1351 3572 Hierosolymitanus
1372 3484 1406 3548 in
1426 3485 1564 3572 epistola
1584 3486 1629 3553 ad

584 3572 805 3657 Theophilum
831 3571 991 3637 Alexand.
1016 3593 1114 3656 quam
1139 3572 1236 3635 refert
1257 3570 1297 3634 B.
1317 3571 1551 3659 Hieronymus,
1574 3573 1628 3638 De

573 3656 657 3745 fide,
671 3658 786 3744 inquit,
800 3668 830 3721 et
846 3657 985 3721 erunibus
1000 3655 1213 3721 ecelesiasticis
1229 3655 1266 3719 do
1290 3656 1425 3721 motibus
1444 3657 1512 3721 hoec
1531 3656 1628 3724 locuti

584 3766 702 3822 sumus,
722 3765 795 3830 quoe
818 3753 849 3806 et
870 3746 989 3828 semper
1014 3742 1120 3806 <trotio
1136 3742 1201 3807 Dei
1217 3742 1250 3806 in
1273 3741 1423 3827 isiciemor
1444 3743 1479 3807 iu
1498 3742 1628 3810 ecclesia

508 3904 512 3915 ‚
584 3829 726 3894 docemus
746 3839 777 3893 et
799 3828 832 3892 in
854 3794 1070 3894 catechesidus.
1092 3830 1302 3894 Vtuesrus.
1348 3830 1437 3894 Inter
1457 3851 1563 3894 sacras
1584 3830 1627 3894 ad

489 3955 491 3958 -
583 3916 741 4015 populum
757 3914 940 3994 conciones,
955 3914 997 3979 de
1012 3913 1129 4001 quibus
1149 3913 1280 4000 litigant
1298 3914 1442 4002 episcopi
1460 3936 1536 3979 cum
1557 3916 1628 3980 De·

397 4028 400 4035 ·
509 4052 510 4056 ,
583 4016 713 4079 metuo,
740 4014 836 4088 atque
869 4000 1065 4078 catecheses,
1093 4001 1226 4065 omnino
1257 3999 1522 4086 distinguendum
1551 4014 1627 4079 est;

584 4087 730 4173 quamvis
751 4087 785 4150 id
803 4087 908 4151 facere
927 4085 1105 4176 neglexerit
1119 4088 1195 4150 Ern.
1209 4084 1392 4174 Cyprianus
1411 4087 1444 4151 iu
1464 4086 1564 4152 Notis
1583 4087 1628 4154 ad

584 4172 722 4242 Hieron.
738 4173 790 4259 De
810 4172 894 4237 Viris
914 4172 968 4236 Itt.
985 4173 1026 4237 ad
1044 4171 1193 4258 caplxii.
1208 4172 1250 4237 de
1262 4171 1456 4237 Alexandro.
1477 4171 1523 4237 ibi
1544 4194 1628 4237 non-

584 4257 674 4325 nulla
688 4257 829 4322 scribens
843 4280 918 4323 cum
932 4259 1054 4347 Valesii
1069 4258 1314 4344 reprehensione
1328 4258 1515 4344 conjuncta.
1560 4257 1627 4323 Sed

584 4343 649 4409 hoc
677 4343 795 4422 miss03
823 4351 845 4384 “
859 4346 897 4408 In
925 4343 1221 4409 Constitutionibus
1248 4343 1447 4430 Apostolicis
1477 4343 1534 4407 lib.
1559 4344 1626 4409 viii.

583 4437 607 4470 ‘⁶
621 4450 692 4516 cap.
703 4443 753 4495 32.
767 4451 870 4517 prope
885 4430 980 4494 finem
999 4430 1164 4495 inducitur
1178 4430 1315 4493 Sanctus
1335 4429 1473 4494 Paulus''
1492 4431 1548 4512 (ait
1561 4429 1625 4494 hoc

584 4517 835 4581 Renumerus
857 4537 896 4579 ex
915 4517 1041 4581 Joanne
1061 4518 1192 4580 Pottero
1208 4515 1260 4578 De
1273 4514 1436 4601 Reginoine
1450 4514 1626 4580 Ecclesias-

585 4602 656 4680 tico,
668 4623 739 4688 cap.
751 4625 779 4667 v.
793 4624 826 4688 p.
835 4604 918 4683 244.)
944 4600 1085 4666 “Laicis
1100 4600 1281 4665 concedens
1296 4615 1334 4664 ut
1347 4601 1626 4666 concionarentur.

584 4695 606 4730 “
621 4693 659 4754 Ὀ
674 4688 820 4769 διδάσκων,
836 4691 858 4754 εἰ
873 4689 921 4753 nod
937 4689 1035 4764 λα’ἰκός
1048 4685 1077 4774 ᾖ,
1093 4685 1215 4772 ἔμπειρος
1230 4688 1258 4751 δὲ
1274 4693 1323 4752 τοῦ
1337 4685 1425 4771 hiya,
1440 4688 1488 4752 noti
1502 4688 1548 4752 rin
1558 4686 1626 4775 vrpi-
