4092 5675
736 772 789 839 ιιι
808 766 908 838 cau
930 765 1228 839 saccutum.
1462 785 1500 863 15

484 985 487 990 ι
508 940 544 1007 Ρ.
555 946 585 1006 ⁶.
596 941 622 1009 l
631 955 663 1010 3.
684 940 802 1027 mbas
831 943 905 1007 Vox
917 942 1008 1009 abest
1018 935 1123 1010 a'Ms.
1134 941 1226 1007 Bodl.
1248 942 1332 1009 Mox
1342 944 1502 1031 δεδιδαγμέ-

461 1052 512 1178 stips
557 1049 597 1179 rip
619 1025 1001 1179 &mavimam
1021 1041 1056 1094 et
1076 1028 1188 1094 vitiose
1210 1028 1406 1117 διδιδαγμδνας
1424 1031 1504 1098 MS.

508 1200 524 1263 1
549 1138 631 1265 '⁰de
645 1215 674 1265 s.
695 1202 729 1264 τὸ
742 1199 885 1279 βασίλειοι
898 1136 1085 1288 rodbdpafou]
1104 1199 1195 1265 ldem
1210 1199 1331 1287 dogma
1344 1202 1505 1270 usitatiori

461 1307 543 1351 voce
555 1285 693 1364 βασιλεία
710 1284 758 1351 sic
840 1285 932 1372 ressit
951 1286 1129 1374 Dionysius
1147 1285 1241 1351 Alex.
1264 1287 1381 1374 ἐπίγειον
1401 1288 1505 1369 {asbal

461 1375 510 1450 rip
523 1373 574 1434 τοῦ
587 1377 695 1460 xpeel
707 1373 811 1451 βασιλ·
843 1396 867 1450 ν,
879 1370 912 1434 in
927 1370 991 1437 hoc
1005 1372 1136 1437 Eusebii
1150 1373 1256 1459 capite
1270 1373 1360 1438 testis
1374 1375 1503 1441 citatus.

462 1458 567 1543 Supra
575 1455 741 1542 δτισυιᾶγιι
754 1478 814 1543 pro
829 1455 969 1543 δ’πεισᾶγιι
980 1458 1025 1522 M
1024 1458 1058 1523 S.
1071 1457 1211 1545 Norfolc.
1255 1460 1299 1523 Et
1311 1458 1394 1524 infra
1405 1474 1504 1546 χιλιο-

460 1542 611 1692 ἱτθδαςᾶιο
622 1542 833 1693 manias
846 1556 878 1608 et
893 1546 920 1607 is
932 1543 1017 1630 γάμιι
1032 1550 1109 1631 ἑορτῇ
1122 1564 1183 1630 pro
1196 1546 1223 1608 ir
1235 1543 1324 1632 γάμῳ
1340 1552 1432 1631 ἑορτῆς
1445 1546 1504 1611 ha-

504 1640 519 1693 t
567 1650 598 1691 rc
728 1675 737 1691 .
1134 1640 1136 1644 '

507 1713 604 1778 lbid..
623 1732 684 1792 .9.,
697 1712 787 1777 binos
801 1718 930 1802 πλανᾷν]
950 1712 1041 1778 θέλων
1062 1709 1200 1800 naamis.
1237 1715 1290 1780 Sic
1310 1716 1343 1798 iu
1362 1717 1504 1783 editione

462 1799 547 1864 Rob.
556 1797 721 1885 Stephani
735 1798 844 1864 nescio
859 1822 925 1887 quo
939 1821 1017 1864 casu
1034 1820 1187 1864 excusum
1201 1815 1262 1866 est.
1305 1804 1414 1890 Quem
1434 1806 1502 1892 Ty-

507 1884 708 1971 grapborum
737 1904 876 1949 errorem
905 1885 1007 1951 secuti
1042 1898 1116 1949 sunt
1147 1899 1261 1972 postea
1289 1888 1502 1957 Genevenses.

460 1906 537 2035 boos
554 1991 629 2035 vero
649 1992 689 2035 ex
710 1970 935 2056 manuscriptis
957 1970 1123 2035 codicibus
1146 1985 1180 2035 et
1203 1993 1242 2036 ex
1264 1973 1442 2060 Nicephori
1460 1975 1502 2041 li·

460 2056 537 2134 bro,
550 2077 659 2121 veram
673 2055 772 2144 hujus
790 2055 856 2122 loci
875 2057 1067 2143 scripturam
1086 2057 1283 2123 restituimus
1306 2058 1396 2123 θέλων
1414 2075 1501 2125 vna·

462 2144 755 2229 supervacuarum
780 2140 860 2206 ⁴'His
883 2142 1088 2207 consentiunt
1110 2140 1224 2208 codices
1247 2143 1339 2208 Bodl.
1364 2160 1398 2211 et
1420 2146 1504 2211 Nor·

450 2227 536 2314 jola.
552 2241 590 2293 at
612 2248 654 2293 ue
671 2249 743 2292 mor
765 2252 780 2292 o
802 2226 988 2314 cumpluris
1007 2228 1083 2292 edit.
1104 2228 1211 2313 Stepk.
1230 2251 1248 2292 a
1269 2251 1322 2294 me
1343 2252 1428 2317 sape
1446 2232 1504 2297 ad·

462 2314 565 2379 ducti.
639 2333 723 2402 eque
737 2249 839 2404 diacre
882 2326 999 2378 tvetus
1015 2314 1181 2398 interpres.

506 2398 592 2494 ibid.
613 2399 693 2486 λέγει
708 2334 972 2484 sebastem
992 2398 1070 2483 λέγει
1090 2397 1124 2461 in
1143 2398 1217 2462 cod.
1233 2398 1310 2465 MS.
1328 2401 1423 2465 Bodb
1449 2403 1508 2492 pb·

462 2490 548 2567 nes,
560 2506 622 2572 pro
635 2486 753 2572 ylsrbol
767 2485 849 2549 MS.
865 2482 1005 2571 Nsrsolo
1019 2497 1054 2548 et
1067 2482 1199 2567 Nrceph.
1224 2485 1364 2550 ¹Pondus
1383 2488 1504 2556 habent

462 2575 667 2660 argumenta,
690 2571 807 2657 quibus
830 2568 1102 2657 probare-studet
1124 2568 1311 2637 leonardus
1333 2573 1363 2637 T
1363 2575 1507 2655 welsins,¹

461 2656 758 2722 ExaminatGrt't.
778 2655 860 2722 Noc.
884 2657 975 2728 Text.
997 2666 1029 2720 st
1051 2658 1171 2740 interp.
1192 2656 1273 2742 Νου.Ι
1295 2658 1379 2723 Test.
1403 2661 1437 2740 Ρ,
1457 2660 1503 2726 iii.

461 2755 546 2829 part.
557 2758 589 2807 2.
601 2764 678 2830 oap-
686 2743 719 2807 ii.
736 2743 767 2827 ξ.
779 2743 810 2808 e'.
826 2741 942 2807 Caium
962 2741 1005 2807 ad
1024 2742 1120 2808 aliam
1134 2742 1294 2829 quandam
1311 2767 1330 2810 a
1347 2744 1506 2812 Cerintho
1582 2817 1584 2824 ,

464 2850 526 2916 sup
587 2828 666 2894 itam
686 2827 894 2918 apocalypsin
909 2841 1065 2914 spectare,
1081 2848 1147 2892 non
1161 2826 1202 2894 ad
1215 2828 1315 2910 illam,
1330 2853 1402 2917 qua·
1416 2830 1505 2918 apud
1584 2838 1587 2853 '

462 2937 521 2980 ecc
532 2915 634 2980 esiam
653 2928 783 3007 recepta
800 2927 872 2995 est,
894 2914 1013 3001 quippe
1028 2935 1103 2979 cum
1119 2913 1294 2980 Corinthus
1309 2915 1351 2980 de
1365 2915 1507 2983 homini·

463 2999 527 3066 bus
540 3000 714 3089 geuiosuo
730 3000 934 3086 et'voluptati
949 3000 1191 3086 indulgentibus
1205 3001 1335 3089 locutus
1347 3002 1400 3083 sit,
1413 3003 1506 3092 cnjus

486 3085 713 3154 uidem-luxus
728 3088 762 3151 S.
773 3087 915 3152 Joannes
937 3086 968 3149 in
991 3085 1147 3150 canonico
1168 3086 1251 3150 libro
1272 3087 1394 3152 nullam
1414 3110 1506 3176 spem

515 3173 552 3238 it.
580 3174 695 3254 Porro,
707 3172 767 3237 nisi
783 3194 847 3259 ego
858 3185 949 3242 totus
962 3193 1047 3250 erro,
1060 3171 1159 3236 Caius
1175 3193 1239 3236 non
1255 3171 1377 3238 videtur
1391 3176 1439 3252 τὴν
1450 3201 1506 3262 χι-

465 3259 639 3324 ammas
659 3258 859 3346 improbare,
878 3280 951 3358 qua
970 3280 989 3321 a
1007 3259 1131 3321 Joanne
1149 3273 1433 3339 commemoratur,
1448 3260 1505 3325 sed

465 3353 592 3410 tantum
615 3345 856 3445 corruptionem
871 3365 942 3432 ejus
957 3342 1107 3408 detestari
1122 3341 1164 3405 ab
1177 3342 1309 3407 inimico
1326 3342 1505 3410 divinarum

465 3429 697 3517 scripturarum
716 3428 895 3495 inductam.
939 3429 987 3494 At
1001 3449 1075 3492 vero
1089 3438 1227 3506 constat,
1241 3427 1387 3493 retulisse
1399 3428 1505 3496 diser-

464 3516 506 3580 tis
519 3516 624 3578 verbis
637 3515 889 3581 Alexandrinum
909 3513 1121 3602 Dionysium,
1134 3513 1306 3578 nonnullos
1324 3537 1364 3580 ex
1383 3515 1434 3595 iis,
1448 3516 1507 3604 qui

465 3621 500 3664 sc
522 3612 670 3686 tempore
693 3614 940 3679 antecesserant,
965 3598 1133 3686 repudiata
1153 3598 1328 3665 Joannisa
1391 3601 1421 3665 al
1446 3602 1507 3687 psi,

465 3706 569 3771 eaque
588 3706 648 3770 per
669 3683 798 3770 singula
816 3686 922 3770 capita
938 3686 1111 3784 exagitata,
1127 3684 1299 3750 affirmasse
1377 3687 1410 3751 in
1449 3709 1505 3752 um

464 3770 559 3836 istius
572 3770 646 3835 libri
659 3791 770 3834 verum
784 3782 949 3835 auctorem
963 3770 1074 3849 ftusse,
1088 3770 1146 3835 sed
1159 3791 1236 3836 cum
1252 3791 1379 3858 magnae
1391 3785 1506 3837 aucto·

464 3856 568 3921 ritatis
591 3877 711 3956 nomen
734 3854 776 3920 ad
799 3854 988 3956 faciendam·
1002 3855 1099 3921 fidem
1123 3869 1310 3956 commento
1330 3879 1391 3920 suo
1412 3856 1507 3958 vellet

463 3941 645 4106 balal&
663 3941 783 4092 llll·
802 3941 1508 4116 {llll{rtssluffinlll'taiiblt

464 4119 488 4153 “
501 4113 634 4178 nionem
686 4112 759 4191 isse,
779 4110 897 4197 ἐπίγειον
918 4111 1021 4190 icadas
1040 4116 1088 4190 τὴν
1106 4121 1155 4176 τοῦ
1174 4118 1280 4201 xps-oi
1297 4113 1458 4193 βασιλείαν,
1473 4127 1509 4182 et

456 4205 488 4240 *“
502 4199 589 4263 iniis
605 4197 746 4264 mamme
766 4197 874 4276 rebus,
890 4219 970 4284 quas
986 4197 1055 4284 ipse
1069 4210 1184 4285 utpote
1197 4199 1333 4264 carnalis
1348 4213 1383 4265 et
1396 4201 1510 4289 volup-

464 4291 487 4334 ‘5
502 4284 625 4350 tatibus
639 4283 783 4371 corporis
804 4282 931 4350 deditus
949 4283 1112 4375 praecipue
1124 4286 1385 4373 concupiscebat,
1401 4285 1510 4352 haesu·

427 4435 430 4438 ,
464 4377 489 4419 ‘5
503 4393 588 4449 rum,
603 4370 637 4434 in
657 4370 775 4435 ventris
797 4369 931 4448 scilicet,
946 4383 980 4435 et
996 4392 1110 4435 eorum
1131 4393 1204 4459 quae
1226 4373 1286 4436 sub
1305 4385 1414 4451 ventre
1432 4386 1508 4438 sunt

464 4462 487 4497 “
502 4456 661 4534 satietate,
676 4455 709 4521 id
730 4470 790 4537 est,
804 4454 837 4519 in
856 4454 936 4521 cibis
958 4477 996 4521 ac
1017 4455 1152 4543 poculis,
1168 4458 1215 4521 nai
1238 4457 1353 4543 γάμοις,
1367 4470 1401 4521 et
1419 4457 1509 4543 iniis

464 4547 489 4581 “
503 4542 623 4631 quibus
634 4541 696 4606 ista
710 4540 876 4606 honestius
891 4543 995 4628 parari
1010 4563 1106 4628 posse
1119 4542 1340 4619 existimabam
1359 4543 1511 4608 festisni·

465 4627 624 4692 “mir‘um
638 4642 673 4693 et
688 4626 849 4693 sacrificiis
863 4640 897 4692 et
910 4627 1089 4694 hostiarum
1107 4626 1390 4694 mactationibus.''
1427 4630 1510 4693 Haec

456 4712 660 4802 Dionysius,
678 4714 795 4781 statim
818 4725 895 4801 post
917 4713 982 4781 hoc
1005 4714 1079 4780 Caii
1099 4714 1322 4800 fragmentum
1343 4714 1386 4781 ab
1407 4715 1510 4780 Euse-
