4092 5675
723 1056 1312 1160 ANNOTATIONES·

554 1291 623 1378 ,ΙΝ
654 1293 693 1369 s
716 1275 997 1371 Droursrr
1028 1293 1458 1373 Annxnnomm
1518 1276 1520 1279 ’

480 1467 501 1538 ’-
594 1494 831 1556 umsromm
848 1496 1168 1556 cnuomcnmno
1181 1496 1418 1566 sasmmmr,

986 1644 1027 1684 ΕΤ

498 1751 547 1814 ΙΝ
566 1753 808 1828 ΝΙΟΕΤΙΑΝΑ,
821 1752 1017 1838 ΙΑΙᾸΑΩΙῙΕ
1036 1752 1227 1815 DIONYSII
1246 1755 1512 1818 FRAGMENTA.

872 1986 1143 2033 ...φ-.-

531 2196 625 2263 eun
646 2195 784 2285 epistola
801 2219 875 2285 quae
889 2194 1035 2283 sequitur
1052 2192 1170 2282 Magni
1187 2192 1339 2283 Dionysii
1353 2194 1395 2261 ad
1412 2197 1529 2264 Basili·

488 2279 577 2362 ἆοω,
590 2282 674 2349 inter
688 2284 852 2370 epistolas,
866 2305 940 2371 quae
954 2281 1105 2348 dicuntur
1120 2279 1306 2360 Canonicae,
1315 2296 1527 2365 recenseatur,

488 2369 522 2438 in
540 2369 688 2456 plurimis
704 2392 743 2434 ea
761 2369 920 2434 veteribus
938 2371 1100 2432 canonum
1117 2367 1392 2454 conciliorumque
1409 2369 1529 2435 collec-

489 2453 634 2521 tionibus
648 2476 723 2522 cum
738 2455 834 2521 editis
852 2469 922 2519 tum
943 2452 1073 2518 ineditis
1086 2451 1281 2539 deprehendi
1294 2455 1386 2519 solet.
1431 2455 1529 2521 Unde

488 2539 614 2606 factum
640 2556 703 2620 est,
728 2552 765 2605 ut
792 2562 907 2606 novem
930 2537 971 2603 ad
994 2539 1166 2604 minimum
1191 2539 1383 2625 exemplaria
1406 2554 1532 2607 vetusta

487 2626 637 2692 conferre
657 2625 738 2692 mihi
758 2626 897 2705 licuerit,
911 2647 984 2725 quoe
1005 2626 1039 2690 in
1055 2622 1253 2690 bibliotheca
1270 2625 1447 2692 Bodleiana
1462 2648 1529 2692 ser·

487 2725 614 2792 vantur,
636 2726 671 2777 et
693 2733 833 2801 quorum
856 2710 952 2778 nullrs
972 2733 1051 2776 usus
1073 2710 1173 2775 fuisse
1195 2712 1391 2799 Beveregius'
1406 2727 1531 2778 nostras

487 2797 628 2878 ridetur,
649 2819 743 2864 suum
765 2796 958 2900 'Synodicam
979 2796 1149 2877 edomans,
1171 2795 1205 2861 in
1226 2797 1371 2885 epistolae
1395 2798 1532 2888 hujusce

485 2885 696 2964 recensione3
719 2907 776 2972 qur
790 2900 898 2951 tamen
914 2901 1014 2950 unum
1031 2883 1207 2949 eorundem
1221 2887 1485 2952 commemorarit
1497 2886 1531 2952 in
1623 2939 1628 2956 ,

485 2969 623 3059 synodis
645 2971 821 3059 Ancyrana
841 2984 875 3036 et
895 2970 1163 3050 Neocaesariensi,
1186 2970 1270 3035 sicut
1292 2972 1325 3036 in
1346 2973 1532 3037 recensione

485 3078 548 3121 sua
570 3055 717 3156 epistolae
744 3055 777 3121 S.
803 3055 887 3122 Petri
911 3055 1119 3121 Alexandrini
1141 3057 1250 3142 episco
1273 3057 1284 3120 i
1305 3079 1343 3121 ac
1370 3059 1531 3146 martyris.

483 3143 539 3207 Ex
561 3141 613 3207 hrs
636 3155 744 3208 autem
766 3141 944 3220 codicibus,
965 3141 1021 3228 qui
1044 3162 1156 3205 omnes
1178 3163 1218 3205 ex
1263 3143 1369 3207 iversis
1389 3143 1474 3208 inter
1496 3165 1532 3209 se

483 3226 629 3315 profecti
651 3241 726 3294 sunt
752 3227 906 3306 fontibus,
933 3242 966 3292 et
992 3249 1129 3314 quorum
1153 3227 1299 3291 nonnulli
1323 3227 1532 3294 undecimum

486 3312 605 3379 saltem
630 3313 774 3378 ecclesiae
801 3313 956 3378 saeculum
985 3312 1161 3398 attingunt,
1186 3312 1421 3400 Dionysianam
1448 3312 1532 3380 hanc

485 3397 662 3486 epistolam
685 3421 905 3486 saepenumero
929 3398 1159 3464 emendaturus
1186 3419 1270 3477 sum,
1293 3413 1411 3463 caetera
1434 3400 1534 3464 varie·

486 3497 557 3549 tate
584 3483 732 3548 lectionis
755 3484 979 3570 praetermissa,
1005 3484 1067 3550 nisi
1089 3484 1218 3571 quando
1243 3506 1283 3549 ex
1307 3507 1428 3572 magno
1453 3507 1533 3551 con·

486 3591 589 3635 sensu
608 3569 770 3649 codicum,
792 3569 841 3634 vel
862 3586 994 3657 propter
1012 3571 1108 3635 aliam
1131 3591 1274 3650 causam,
1296 3570 1446 3635 notabilis
1466 3572 1533 3636 visa

487 3655 617 3729 fuerit„
643 3656 759 3721 Postea
779 3677 855 3720 vero
875 3655 916 3720 ad
938 3656 1112 3721 maximam
1136 3656 1226 3743 quod
1250 3657 1365 3722 attinet
1385 3657 1532 3742 epistolae

487 3755 630 3829 purtem,
650 3741 804 3806 auxilium
825 3741 963 3807 duorum
991 3742 1127 3807 aliorum
1151 3742 1301 3808 codicum
1326 3742 1533 3808 bibliotheca
1629 3810 1631 3817 ,

490 3825 712 3906 Coislinianae,
738 3828 802 3892 sive
830 3828 1125 3914 Sangemmnensis,
1151 3849 1209 3914 per
1236 3828 1375 3892 enricum
1406 3829 1533 3895 Parisiis

488 3911 750 3999 peregrinantem
780 3912 860 3978 mihi
886 3936 1075 4000 comparare
1101 3914 1203 3992 licuit,
1233 3914 1289 4000 qui
1317 3912 1447 4000 quidem
1474 3937 1532 3981 co-

489 3997 579 4063 dices
598 3999 739 4063 numeris
753 4010 804 4075 ³7.
818 4013 851 4064 ct
865 4013 934 4064 222.
951 4000 982 4065 in
1001 3999 1152 4088 catologo
1172 4000 1412 4064 Montlauconii
1432 4000 1535 4103 insig-

490 4083 551 4149 niti
566 4097 653 4149 sunt.
699 4085 797 4149 Porro
813 4105 987 4170 perunum
1007 4108 1048 4151 ex
1071 4085 1133 4151 illis
1153 4085 1319 4150 codicibus
1336 4085 1533 4168 Bodleiams,

489 4182 562 4233 tum
582 4191 658 4233 vero
677 4191 735 4256 per
753 4169 861 4236 Alexii
882 4170 1029 4250 Aristini,
1044 4185 1081 4236 ut
1101 4171 1200 4257 vulgo
1222 4184 1362 4249 vocatur,
1379 4171 1535 4259 Synopsin

491 4253 525 4318 in
540 4253 691 4340 Synodion
707 4257 915 4344 Revereginno
930 4256 1063 4336 editam,
1076 4257 1140 4321 hoc
1155 4277 1284 4344 quoque
1298 4256 1434 4323 edoctus
1449 4281 1533 4338 sum,

491 4338 580 4405 haud
591 4340 750 4428 integram
765 4344 886 4407 censeri
897 4342 1015 4408 debere
1027 4342 1127 4420 illam,
1139 4341 1179 4406 de
1193 4365 1258 4430 qua
1269 4343 1397 4429 agimus
1411 4344 1534 4429 episto·

491 4424 568 4491 lam.
606 4427 659 4491 Ita
672 4428 758 4491 enim
774 4427 887 4493 titulus
901 4428 971 4516 ejus
986 4449 1020 4493 se
1035 4428 1133 4493 habet
1147 4427 1179 4492 in
1194 4428 1308 4493 codice
1319 4429 1535 4494 vetustissimo

494 4532 628 4576 numero
640 4519 690 4578 86.
704 4513 788 4579 inter
799 4515 927 4578 Barocc.
940 4527 1053 4578 notato
1065 4537 1074 4591 3
1096 4519 1153 4578 Τοῦ
1168 4513 1295 4600 paxapis
1308 4512 1438 4578 διονυσίου
1451 4515 1535 4578 raiae

494 4598 698 4685 ἅλεξανδρείας,
711 4602 743 4663 ἐκ
755 4606 803 4677 τῆς
817 4601 882 4686 πρὸς
895 4601 1055 4680 §coalendis
1069 4605 1196 4676 ἔπιςολῆς
1208 4603 1268 4686 aspi
1282 4605 1319 4664 rei
1335 4598 1396 4664 &ta
1422 4599 1535 4687 Atque

495 4681 592 4752 etiam
608 4685 752 4774 apertius
769 4685 805 4755 in
819 4686 953 4776 synopsi
970 4707 1021 4753 res
1039 4685 1229 4767 declaratur,
1242 4706 1318 4753 nam
1334 4705 1536 4754 commemo·
