4092 5675
591 747 656 832 ³⁶⁶
952 747 1275 815 amerosius

633 916 649 957 δ
670 918 717 978 De
734 919 899 978 Diacouatu
919 923 1067 980 Ambrosii
1086 923 1151 981 silet
1168 922 1323 990 Eusebius,
1339 921 1390 978 sed
1406 921 1437 977 in
1453 913 1636 999 Martyrolo·

594 1026 648 1102 giis
662 1026 784 1083 traditur
797 1026 885 1083 fuisse
900 1026 1049 1086 Diaconus
1064 1027 1286 1086 Alexandrinus.
1321 1026 1395 1083 Vide
1408 1027 1486 1083 Acta
1499 1026 1635 1085 Sanetus.

591 1130 637 1192 ll.
644 1130 755 1189 Martii.
789 1132 1007 1190 Tillemontium
1021 1135 1145 1192 tom.iii.
1158 1133 1284 1191 Memor.
1305 1132 1490 1191 ansrorus.

633 1243 645 1272 ⁶
673 1234 709 1293 Iu
732 1238 931 1315 persecutione
954 1237 1007 1295 sub
1029 1237 1109 1295 Julio
1133 1237 1297 1295 Maximino
1323 1238 1373 1312 (A.
1393 1236 1427 1294 C.
1449 1236 1538 1309 236.)
1563 1236 1632 1293 Am·

591 1337 721 1397 brosium
740 1350 770 1396 et
788 1338 987 1398 Protectetum
1006 1342 1209 1420 Presbyterum
1224 1342 1430 1399 Caesariensem
1447 1338 1596 1418 διαπρέψαι
1613 1344 1634 1398 ἓν

591 1447 717 1523 ὅμολογίᾳ
738 1444 826 1501 refert
849 1446 989 1503 Eusebius
1003 1448 1041 1503 vi.
1056 1447 1105 1505 28.
1126 1447 1176 1504 ubi
1197 1447 1332 1504 observat
1351 1446 1512 1522 Origenem
1533 1445 1634 1502 iisdem

592 1567 672 1605 suam
687 1550 723 1607 ad
735 1549 908 1626 Martyrium
922 1552 1155 1607 exhortationem
1166 1551 1322 1617 dedicasse,
1335 1570 1398 1627 quae
1410 1550 1573 1607 etiamnum
1583 1569 1633 1607 ex·

589 1662 644 1721 tat,
669 1656 747 1714 notis
769 1655 817 1713 Jo.
841 1652 988 1733 Rodolph.
1010 1653 1167 1714 Wetstenii
1191 1656 1343 1714 illustrata.
1377 1654 1469 1713 narn.
1493 1655 1583 1717 1674.
1604 1658 1633 1714 4.

589 1757 708 1816 Eusebii
723 1760 810 1816 verba
823 1772 906 1816 sunt:
931 1763 989 1818 τότε
1006 1760 1051 1818 καὶ
1070 1759 1200 1846 ‘nmina
1213 1761 1255 1820 sle
1269 1760 1329 1842 sergi
1344 1764 1485 1840 μαρτυρίου
1500 1760 1634 1820 curreris

590 1860 734 1944 ’Angoolp
757 1863 802 1921 nal
824 1862 994 1942 Hpurou‘rr'rrp
1018 1841 1181 1945 ωξεσςυτίρῳ
1202 1870 1247 1932 τῆς
1271 1870 1294 1923 ir
1318 1855 1470 1946 Karoagriqr
1492 1869 1635 1947 σαςοικίας

588 1967 696 2035 ἀναθεὶς
717 1969 747 2027 sl
768 1971 940 2047 σύγγραμμα.
983 1970 1019 2026 In
1041 1970 1116 2027 libro
1137 1972 1201 2048 ipso
1224 1971 1397 2030 nominatim
1419 1970 1540 2028 eosdem
1562 1970 1633 2028 allo-

587 2074 686 2151 qn'ttur
706 2073 867 2150 Origenes:
893 2071 1032 2155 'Apssgdorr
1054 2072 1257 2154 Seorrprsrr‘sarr,
1279 2078 1444 2155 Πρυτόκτητι
1468 2073 1632 2141 stiracis-arr.

576 2177 771 2250 ‚Frsmcrus
809 2201 814 2209 ·

629 2282 643 2323 ‘¹
664 2287 710 2344 Ex
732 2286 787 2344 illis
806 2287 892 2344 etiam
914 2306 978 2364 quae
998 2295 1110 2354 extant,
1127 2306 1187 2343 non
1206 2306 1299 2365 pauca
1318 2284 1455 2361 Origenis
1473 2284 1632 2344 Ambrosio

576 2367 767 2461 dedicantur,
783 2402 816 2449 ut
829 2401 932 2471 praeter
945 2393 1179 2450 exhortationem
1198 2394 1235 2450 ad
1252 2392 1430 2469 martyrium,
1445 2390 1515 2449 libri
1532 2401 1632 2450 contra
1651 2388 1653 2392 ’

588 2497 715 2566 Celsum,
731 2497 759 2555 et
773 2497 803 2554 in
817 2497 981 2555 Johanuem
995 2497 1215 2565 Commentarii,
1232 2497 1281 2554 ubi
1294 2516 1361 2576 pag.
1375 2498 1405 2554 3.
1418 2496 1463 2553 ita
1477 2515 1546 2553 eum
1560 2495 1629 2553 allo·

587 2605 685 2682 quitur
698 2602 858 2679 Origenes:
883 2594 1020 2683 ’Antigo'orr
1034 2599 1137 2669 ἅληθῦς
1151 2609 1217 2661 Θεοῦ
1233 2599 1359 2682 despuere,
1374 2599 1419 2659 nai
1443 2605 1467 2659 ἓν
1485 2600 1571 2682 xpus-3⁸1¹
1586 2600 1629 2661 ἄν·

587 2704 684 2789 Operm,
698 2707 744 2764 sal
759 2705 872 2766 onrudoir
885 2705 950 2766 εἶναι
965 2693 1149 2782 onvpsarsadr,
1163 2709 1196 2765 ἐκ
1209 2707 1247 2765 i‘rr
1261 2703 1400 2784 &mooe
1421 2704 1608 2765 Fennlclns.

628 2820 641 2851 ⁶
661 2813 841 2891 Epiphanius
854 2811 922 2870 lxiv.
934 2814 963 2869 3.
978 2812 1020 2868 ait
1033 2810 1219 2869 Ambrosium
1233 2810 1384 2881 fuisses&
1398 2808 1533 2887 drapani»
1548 2817 1570 2871 iv
1583 2815 1628 2871 αὖ·

587 2924 648 2985 nai<
662 2921 824 2985 βασιλικαῖς.
850 2917 921 2973 Non
934 2917 1092 2974 mediocres
1103 2915 1165 2994 ejus
1176 2936 1246 2995 opes
1260 2917 1387 2975 celebrat
1400 2917 1558 2993 Origenes,
1569 2942 1629 2978 roe·

589 3024 670 3087 erim
684 3027 774 3086 κτῆσιν
788 3031 906 3101 propter
920 3021 1068 3077 Christum
1087 3020 1248 3097 neglexisse
1264 3031 1385 3079 testatus
1399 3043 1428 3102 p.
1441 3022 1513 3084 877.
1527 3025 1628 3083 exhor·

588 3136 641 3186 tat.
657 3127 692 3185 ad
706 3128 883 3205 martyrium.
904 3126 1086 3185 Ensarcrus.
1425 3112 1427 3119 ¹

629 3229 640 3268 f
658 3232 804 3290 Ambrosii
825 3231 965 3310 Epistola
981 3231 1017 3290 ad
1034 3231 1191 3309 Origenem
1210 3234 1426 3302 interciderunt,
1442 3236 1628 3312 quemadmo·

588 3340 655 3397 dum
670 3349 698 3396 et
712 3341 809 3417 paucis
828 3340 954 3416 exceptis
976 3337 1116 3417 Epistolae
1132 3338 1278 3415 Origenis,
1293 3359 1414 3416 quarum
1431 3352 1552 3398 centum
1569 3358 1628 3398 am·
1691 3378 1693 3382 ν

589 3445 663 3526 plius
684 3453 877 3520 congesserat,
893 3454 922 3500 et
940 3464 976 3500 ne
993 3445 1097 3500 iterum
1116 3443 1333 3520 dissiparentur,
1348 3447 1379 3500 iu
1394 3444 1485 3502 libros
1502 3447 1628 3523 digesse-

588 3563 634 3607 rat
646 3549 799 3616 Eusebius,
815 3568 899 3625 quem
913 3548 975 3604 vide
989 3549 1026 3604 vi.
1037 3549 1086 3607 36.
1108 3548 1291 3606 Fnsnrcrus.

576 3651 580 3657 ’
628 3662 643 3703 8
665 3653 805 3729 Origenes
823 3653 897 3709 obiit
912 3653 948 3709 A.
961 3652 993 3710 C.
1005 3653 1074 3710 253.
1091 3673 1184 3729 neque
1200 3652 1371 3711 Ambrosius
1390 3653 1513 3713 biennio
1533 3655 1626 3722 citius,

589 3771 621 3816 ut
635 3760 755 3826 videtur,
770 3758 816 3814 vel
829 3758 963 3815 triennio.
1006 3758 1093 3814 Certe
1107 3758 1200 3815 adhuc
1214 3767 1276 3815 crat
1289 3768 1443 3836 superstes,
1459 3779 1527 3817 cum
1540 3760 1626 3818 libros

589 3875 691 3922 contra
705 3864 818 3920 Celsum
834 3864 860 3920 ei
874 3863 1043 3920 inscriberet
1057 3863 1197 3939 Origenes
1212 3864 1248 3921 A.
1260 3864 1329 3925 247.
1350 3863 1536 3923 Fasarcrus.

629 3968 865 4027 hTillemontius
887 3979 957 4026 tom.
973 3970 1012 4026 iii.
1031 3968 1155 4026 Memor.
1175 3989 1204 4046 p.
1218 3969 1287 4030 273.
1307 3971 1479 4048 suspicatur,
1501 3969 1625 4027 Ambro-

589 4078 662 4133 sium
679 4077 787 4133 nullam
804 4076 888 4132 aliam
903 4076 940 4132 ob
956 4094 1071 4132 causam
1086 4074 1207 4150 Origeni
1224 4075 1331 4151 aliquid
1345 4094 1380 4132 ex
1394 4074 1498 4153 opibus
1513 4076 1573 4132 suis
1586 4074 1626 4132 le·

589 4201 658 4259 gare
677 4182 877 4258 supersedisse,
892 4200 978 4256 quam
992 4180 1068 4257 quod
1087 4182 1222 4258 pecunias
1237 4180 1273 4236 ab
1288 4168 1323 4236 eo
1337 4199 1454 4260 prorsus
1468 4180 1626 4247 contemni,

587 4295 785 4377 paupertatem
801 4287 889 4343 amari
902 4285 1020 4364 pulchre
1034 4295 1141 4343 nosset.
1162 4285 1342 4343 Fannrcrus.
