4092 5675
503 717 573 784 iso*
833 709 1193 780 ANNOTAmoNrs

545 887 581 950 P.
595 895 660 948 150.
676 882 759 947 l.1s.
781 881 905 960 Bauio,
919 882 936 961 ἣ
952 887 1024 961 Βὴλ,
1043 879 1249 966 ennomus]
1265 877 1353 944 Βάαλ
1374 879 1450 946 ou·
1469 879 1532 960 ἦνιν

502 973 564 1049 Βὴλ
575 969 808 1052 μετονομάσανιις
826 969 987 1033 cedrenus.
1021 966 1101 1031 Baal
1113 966 1272 1033 Hebraico
1286 964 1452 1030 Ποιιιὶιιοιι.
1487 1013 1491 1020 -

547 1054 629 1119 Ibid.
651 1054 876 1131 ἀναςολυίσαντις
890 1053 1028 1137 ottones]
1045 1054 1172 1117 Auctor
1187 1050 1327 1117 chronici
1342 1049 1526 1116 Ραουίιαίίιο

501 1138 566 1226 -ᾦ
585 1166 636 1203 τινι
658 1141 733 1227 Ἀρεί
755 1139 889 1217 ἂνέςησοιν
909 1147 1021 1226 πρῶτον
1040 1138 1124 1216 ςῆλην
1138 1145 1162 1203 οί
1173 1136 1328 1221 Ἀσσύριοι,
1342 1138 1390 1201 καὶ
1404 1139 1441 1212 ὥς
1454 1135 1533 1202 Otii·

501 1225 686 1312 σροσεκιίνονν
699 1223 790 1288 αὐτόν.
826 1224 946 1288 Eadem
962 1238 995 1289 et
1011 1222 1175 1287 Cedreuus
1188 1243 1317 1310 quoque
1331 1220 1371 1286 ad
1385 1243 1466 1310 pag.
1481 1234 1526 1285 1³.

512 1355 515 1361 ·
547 1310 629 1373 Ibid.
645 1309 666 1372 I.
681 1325 727 1372 15.
753 1308 780 1383 ῦς
800 1311 986 1392 μετωνομάῶη
1006 1310 1122 1395 Ἑρμῆς]
1136 1310 1326 1391 μετωνομάσθη
1341 1328 1403 1393 pro
1416 1329 1528 1391 μηνίο-

501 1395 608 1477 μᾶὣσς
621 1417 660 1458 ex
676 1394 807 1459 Gedreno
822 1396 938 1480 recepi.
982 1396 1071 1458 Geor
1095 1394 1180 1459 'usS
1227 1392 1325 1457 cellos
1347 1391 1389 1458 ad
1409 1413 1443 1541 fl
1456 1402 1525 1467 ²³7·

500 1482 576 1554 Τινὲς
597 1481 742 1559 βοῦλοντσρ
763 1480 864 1567 Κρόνον
884 1488 996 1565 πρῶτον
1016 1482 1072 1541 Ἀλ
1092 1478 1152 1543 οινίν
1173 1486 1185 1562 (
1209 1480 1284 1543 abet
1304 1479 1410 1565 Synoe
1435 1498 1475 1542 uu
1488 1473 1530 1542 ut

501 1587 579 1652 pag.
593 1565 867 1645 171.-καλούμενον
883 1564 1023 1628 Ἀλῦοινον
1045 1567 1099 1628 ἀπὸ
1123 1571 1170 1628 τοῦ
1192 1562 1330 1627 ’Anteros
1350 1562 1457 1649 Κρόνου
1475 1568 1528 1626 teir

500 1651 617 1714 οιοίντοον
630 1655 706 1713 κοντοὶ
718 1655 765 1727 τὴν
778 1651 903 1713 Ἰταλίαν
916 1649 1055 1731 βασιλέοιν
1073 1651 1189 1737 πρώτου
1207 1646 1368 1734 λεγομένου)
1390 1651 1529 1734 reperim

500 1744 555 1799 σῦν
568 1739 643 1799 κατὰ
656 1740 704 1812 τὴν
718 1734 832 1821 ἑσπέραν
844 1736 943 1816 τόπων,
958 1738 1020 1817 μεθ’
1037 1734 1063 1798 ῦν
1077 1753 1145 1817 ροισι
1160 1738 1262 1799 Πεῖκον
1275 1735 1328 1798 vtis
1342 1736 1428 1812 οιῦσῦ,
1445 1731 1531 1892 viro?

501 1821 570 1899 Δία,
585 1825 761 1900 βασιλεῦσαι.
789 1820 849 1883 sira
867 1826 973 1884 Φαῦνον
993 1821 1059 1894 Διὸς
1081 1822 1146 1900 υίὸν,
1162 1820 1208 1883 σῦν
1231 1820 1278 1883 καὶ
1298 1818 1414 1905 Ἑρμῆν·
1438 1819 1478 1899 ἐφ’

498 1907 643 1991 Ἡρακλῆς
660 1904 813 1969 ἐπανελθὼν
833 1910 885 1969 ἀπὸ
906 1905 1043 1983 ἳοιοινίοις,
1057 1904 1103 1981 κο)
1122 1908 1182 1988 μετ’
1202 1907 1283 1968 αὐτὸν
1301 1907 1430 1981 Λατῖνος,
1446 1901 1528 1985 ὲφόῦ

499 1990 609 2064 Αἰνείας
630 1995 703 2072 μετὰ
723 1995 770 2068 τὴν
788 1991 892 2055 ι’ίλοισιν
905 1992 1006 2077 Τροίας
1027 1989 1115 2053 ἐλθὼν
1130 1992 1189 2054 &c.
1217 1989 1294 2056 Vid.
1314 2001 1347 2052 et
1366 2009 1444 2074 pag.
1463 1999 1529 2064 171.

498 2080 605 2150 Φαῦνος
620 2097 691 2139 vero
706 2073 815 2161 Ἄρεος,
829 2075 863 2151 οῦς
881 2095 974 2158 φασιν,
989 2076 1131 2160 ἀπόγονος,
1145 2079 1210 2162 ἀνὴρ
1223 2078 1296 2159 μετὰ
1309 2079 1346 2137 τῦ
1362 2071 1530 2159 imples}

499 2162 618 2237 συνετὸς,
630 2161 739 2225 scribit
751 2162 929 2248 Dionysius
944 2161 1231 2225 Halicarnassensis
1245 2160 1327 2224 libro
1342 2159 1449 2246 primo
1460 2155 1528 2221 An-

500 2245 682 2333 tiquitatum
694 2247 823 2312 Roman.
836 2269 869 2333 p.
879 2262 930 2311 uo,
951 2246 1053 2311 Multi
1068 2261 1175 2311 tamen
1189 2247 1306 2324 ferunt,
1319 2242 1529 2331 quemadmo-

498 2331 576 2395 dum
594 2332 766 2396 Africanus
789 2333 821 2396 in
841 2334 914 2417 ῥήσει
937 2332 1051 2410 isthac,
1072 2335 1216 2395 Faunum
1239 2330 1340 2395 filium
1366 2329 1446 2407 Pici,
1467 2327 1529 2392 sire

499 2418 597 2496 Jovis,
614 2417 645 2480 in
667 2417 761 2481 Italia
778 2440 936 2503 regnasse.
981 2417 1045 2481 Sed
1058 2440 1131 2481 vero
1148 2418 1258 2481 Picum
1277 2414 1378 2479 Fauni
1392 2428 1528 2501 patrem,

499 2515 597 2588 atque
610 2525 702 2566 avum
719 2504 837 2582 Latini,
853 2502 991 2567 Saturnii
1005 2503 1093 2567 Jovis
1107 2504 1238 2567 fratrem
1252 2497 1361 2581 fuisse,
1370 2522 1437 2563 non
1452 2519 1528 2563 eun·

499 2587 574 2650 dem
596 2600 629 2651 at
654 2609 692 2651 ue
712 2589 835 2666 Jovem,
853 2589 951 2652 tradit
964 2588 1129 2651 Arnobius
1153 2588 1210 2652 lib.
1225 2589 1251 2650 I.
1265 2586 1399 2651 Advers.
1418 2584 1528 2669 Gentes

498 2693 531 2757 p.
544 2686 593 2750 94.
608 2611 659 2736 ei.
676 2673 784 2757 Lugd.
801 2675 873 2738 Bat.
910 2672 1025 2738 Statim
1046 2684 1120 2758 post
1139 2672 1327 2758 λογικώτατος
1347 2692 1409 2758 pro
1424 2667 1527 2757 λογιό-

498 2782 582 2830 τατος
598 2758 759 2821 θοᾶνονιυο.
1203 2813 1211 2824 ,

543 2842 626 2906 Ibid.
640 2844 663 2912 l.
683 2849 729 2904 16.
750 2848 798 2921 τὴν
811 2852 859 2906 τοῦ
870 2851 979 2929 χρυσοῦ
992 2845 1107 2920 οιοίησιν
1122 2844 1196 2926 &c.]
1207 2851 1255 2907 τοῦ
1266 2848 1377 2929 χρυσοῦ
1389 2844 1439 2921 τὴν
1453 2840 1529 2923 φῦσιν

502 2926 664 3004 Cedrenus,
687 2926 744 2988 sed
765 2928 805 2992 ad
827 2950 930 3014 marg.
952 2927 1020 3015 ejus
1042 2932 1089 3006 τὴν
1110 2928 1233 3006 ποίησιν.
1277 2928 1405 2991 Auctor
1424 2938 1529 2990 tamen

502 3009 644 3074 Chronici
664 3011 809 3077 Ρυοοίιαί.
834 3013 874 3076 de
892 3014 955 3078 hoc
979 3015 1088 3077 Fauno
1111 3013 1152 3076 ad
1176 3035 1252 3119 pag.
1265 3025 1319 3076 44.
1337 3013 1394 3091 ait,
1416 3009 1447 3089 ἦν
1467 3013 1528 3096 ἀνὴρ
1549 3088 1551 3093 Ι

499 3104 659 3183 οσιινοῦργος
677 3098 723 3159 καὶ
741 3101 947 3179 μαθηματικὸς,
962 3098 1017 3173 ῦςις
1038 3103 1128 3186 ἐφεῦρε
1146 3100 1177 3161 τὸ
1197 3112 1338 3180 μεταλλον
1352 3104 1400 3159 τοῦ
1412 3095 1529 3183 χρυσίου

500 3184 526 3243 ir
547 3186 580 3266 τῇ
602 3182 673 3247 δῦσει
694 3191 806 3269 πρῶτος
827 3184 874 3249 καί
895 3186 926 3247 τῦ
945 3184 1084 3271 χωνείαν.
1114 3187 1215 3270 ἐξεῦρεν
1234 3201 1253 3267 φ
1274 3180 1529 3268 superscriptio

501 3266 613 3330 Grabii
628 3268 827 3355 Apographo.
844 3273 945 3356 ἐξεῦρεν
959 3270 1137 3333 cedrenus.
1421 3264 1423 3269 ⁵

545 3352 629 3416 Ibid.
652 3354 674 3416 I.
694 3368 740 3418 18.
763 3356 894 3440 σ’νοικίλη]
913 3354 1107 3442 Hesychius,
1123 3352 1268 3427 Ποικίλον,
1283 3352 1401 3415 οἱσοιλίν.
1416 3348 1529 3416 πυκνοῦ.

501 3439 621 3501 συνετόν.
662 3440 711 3501 Ita
724 3440 809 3524 apud
826 3441 989 3504 Platonem
1004 3441 1037 3503 in
1055 3439 1184 3525 Gorgia,
1198 3438 1285 3500 Οὐδὲν
1297 3437 1440 3517 οιοικίλον,
1455 3434 1530 3500 nihil
1569 3435 1574 3446 ’

392 3556 395 3563 -
501 3523 689 3608 exquisitum
704 3525 753 3603 veI
768 3525 935 3590 insolitum.
971 3526 1095 3590 Invenit
1108 3521 1241 3609 λεγομένη
1256 3543 1316 3609 pro
1329 3524 1460 3608 γενομένη
1477 3521 1530 3587 0⁶·

501 3607 622 3674 crenus.
667 3640 670 3645 ·

968 3950 1069 4014 XIII.

550 4122 584 4183 P.
601 4136 666 4186 151.
685 4121 708 4184 I.
719 4126 750 4184 6.
772 4124 862 4203 Λιμοῦ
882 4121 1057 4207 κατοιχίντος
1073 4119 1145 4203 Sec]
1164 4118 1252 4183 Huic
1267 4117 1340 4216 ρήσει
1354 4113 1442 4202 apud
1455 4116 1534 4203 Syn·

507 4205 624 4269 cellum
646 4205 759 4269 titulus
780 4208 944 4294 Ἀρρικυνοῢ
964 4206 1111 4293 praefixus
1133 4218 1193 4268 est.
1233 4202 1378 4267 Historia
1397 4214 1485 4266 extat
1502 4198 1534 4264 in

510 4290 589 4354 Gen.
605 4290 657 4354 xii.
674 4304 719 4352 10.
735 4302 768 4354 et
781 4312 869 4378 seqq.

552 4375 634 4439 Ibid.
650 4375 672 4438 l.
687 4387 717 4450 7.
739 4374 826 4448 ὃεδίως
847 4377 874 4438 δὲ
894 4379 932 4458 μὴ
956 4375 1032 4456 Ito]
1057 4376 1107 4438 Ita
1127 4386 1202 4461 post
1220 4372 1419 4459 Scaligerum
1441 4368 1535 4447 edidi,

507 4460 564 4546 qui
586 4462 656 4525 haec
673 4458 816 4524 Africani
836 4462 930 4524 verba
947 4461 1057 4524 Chron.
1080 4482 1131 4523 suo
1153 4458 1325 4523 Eusebium
1345 4458 1479 4522 inseruit
1492 4452 1536 4542 ¹ad

507 4567 583 4630 pag.
597 4560 647 4610 20.
690 4547 777 4610 Nam
791 4544 882 4609 abest
902 4567 921 4609 a
939 4544 1079 4632 Syncelli
1093 4558 1184 4609 textu
1197 4542 1352 4630 particula
1365 4544 1404 4620 δὲ,
1420 4542 1477 4605 ubi
1491 4540 1535 4603 κοί

508 4643 582 4694 ante
596 4631 685 4708 δεδίως
698 4633 826 4696 Goarus
840 4631 882 4695 ad
895 4653 997 4717 marg.
1012 4631 1129 4716 posuit.
1174 4629 1238 4694 Sed
1253 4627 1453 4715 Scaligerum
1468 4638 1537 4690 tue-
