4092 5675
511 780 581 861 ..a
848 774 1212 844 nuuornuoum

508 946 690 1035 διατρέχοντα
704 944 828 1026 attinets
841 944 997 1012 extatilla
1010 945 1096 1033 apud
1102 946 1281 1012 'Cedrenum
1289 957 1385 1036 atque
1396 946 1431 1015 in
1442 950 1543 1017 MStb

508 1034 606 1098 altero
631 1031 813 1112 Porisienrt',
833 1046 928 1118 atque
955 1032 1000 1097 ita
1027 1045 1187 1098 comnotus
1214 1032 1277 1098 fuit
1299 1034 1388 1133 prior
1410 1035 1540 1104 MStut.

508 1121 636 1184 Goums
657 1117 787 1205 quidem
805 1118 906 1197 vertit.
921 1129 952 1182 et
972 1117 1214 1184 nisi-Jorduaem
1234 1118 1277 1184 ud
1297 1130 1399 1185 untur
1419 1121 1542 1188 conche

507 1203 674 1283 nandium
688 1215 719 1269 et
733 1203 907 1268 centaretum
926 1204 1081 1274 humorem
1102 1202 1385 1270 subministrantem
1405 1204 1542 1274 tatone

507 1290 713 1376 Egointerea·
720 1290 816 1354 verbo
826 1289 1012 1377 διατρέχοντα·
1020 1289 1111 1355 alteri
1122 1286 1291 1376 διατρίφονῖοι
1299 1291 1541 1378 ρια]αῐο,ἰεῖιιᾰ

506 1378 543 1450 ὥς
559 1375 705 1463 πορφύραι
722 1374 904 1461 διατρέχοντα
922 1376 969 1439 itu
984 1375 1190 1461 interpretor,
1204 1375 1295 1464 quasi
1315 1376 1432 1442 diirerit
1448 1377 1540 1442 Affl-

507 1478 617 1541 canur,
630 1460 803 1526 Jordenem
826 1461 955 1524 fluvium
976 1483 1053 1525 cum
1073 1460 1242 1526 turbidisa
1265 1460 1314 1525 uis
1333 1462 1399 1535 suis
1504 1485 1541 1527 u·

506 1567 575 1611 ram
590 1547 699 1612 colore
712 1548 901 1611 referentem
916 1567 973 1631 per
987 1568 1074 1610 mare
1088 1547 1223 1611 currere.
1243 1483 1302 1611 lta
1314 1546 1401 1633 apud
1414 1482 1542 1625 ffie·

505 1651 579 1696 rum
599 1632 718 1717 legitur
735 1653 953 1718 sepenumero
974 1640 1052 1714 κῦμα
1070 1631 1232 1718 πορφύρεον,
1246 1630 1409 1717 habetque
1428 1633 1549 1722 Hesy·'

505 1716 610 1796 chine,
627 1716 773 1804 Πορφύρα.
792 1717 961 1802 ταρᾶτῖεται.
985 1717 1124 1803 φροντίζει.
1142 1716 1292 1800 μελανίζα.
1326 1720 1370 1781 Et
1383 1717 1541 1806 Πορφῦςνος

506 1802 636 1876 θάνατος.
659 1800 786 1884 latim.
806 1803 854 1865 nal
867 1803 968 1881 βαθὺς.
983 1804 1031 1865 καὶ
1044 1828 1098 1886 rap
1143 1800 1219 1879 ὦῧης.
1252 1803 1309 1866 De'
1319 1802 1391 1889 ipso
1407 1802 1462 1867 lwc
1475 1825 1542 1867 am·

474 1885 477 1891 ’
506 1907 555 1965 ne,
570 1888 616 1951 ait
632 1887 774 1965 Tacitus,
789 1886 846 1950 ubi
867 1908 973 1978 supra,
991 1910 1046 1952 aec
1061 1828 1213 1952 Jozdoaes
1230 1884 1345 1985 pelago
1366 1887 1541 1986 accipitur,-

505 1972 669 2060 οοάααανα
683 1984 777 2060 atque
791 1972 924 2037 alterum
944 1971 1047 2037 lucum
1066 1973 1186 2059 integer
1201 1971 1342 2057 perfluat,
1358 1984 1453 2038 temo
1465 1973 1540 2038 reti·

504 2069 606 2122 mur.
1499 2111 1503 2118 .

549 2144 584 2207 P.
602 2157 668 2207 152³
684 2143 705 2207 l.
722 2155 768 2207 14.
788 2143 884 2208 sartor
896 2142 911 2222 ἢ
925 2143 1061 2229 φαίνεται]
1077 2128 1231 2208 Lucidius¹
1248 2152 1343 2222 esset,
1356 2142 1456 2207 sartor
1469 2141 1485 2223 ἣ
1499 2150 1540 2210 νῦν

505 2247 536 2313 φ.
573 2229 635 2293 Sed
650 2225 729 2293 nihil
743 2229 903 2294 adderem.

527 2343 530 2348 ·
549 2311 631 2378 lbid.
653 2323 701 2378 τοῦ
714 2315 855 2397 βαλσάμε
870 2314 975 2399 φυτόν]
991 2315 1023 2379 τὸ
1037 2319 1157 2399 promi
1175 2312 1337 2377 CedrenttS.
1382 2314 1539 2380 Eusebius

504 2398 537 2462 in
556 2400 746 2465 Ortona-attico
765 2401 837 2465 Urb.
854 2411 884 2464 et
899 2402 972 2463 Loc.
990 2400 1023 2464 S.
1039 2399 1154 2483 Soript.
1175 2396 1290 2476 Batia,
1305 2400 1326 2483 ’l
1342 2399 1383 2471 35>
1399 2397 1416 2476 ll
1430 2399 1538 2487 Σῖγαρ,

504 2492 549 2548 νῦν
571 2490 675 2572 Ζοοαροὶ
697 2485 862 2567 καλουμένη,
883 2485 949 2567 μόνη
973 2487 1143 2548 διασωθεῖσα
1163 2485 1217 2546 ἀπὸ
1240 2489 1287 2559 τῆς
1309 2492 1363 2546 τῶν
1383 2483 1540 2568 Σοδομιτῶν

502 2567 1538 2742 ονοῑιῖνῑὲςῑξονοννεννῑννναῑοννιῖῑῖῑῑν

504 2746 518 2803 ὁ
534 2744 628 2821 φοῖνιξ,
642 2744 744 2824 δεῖγμα
758 2747 805 2817 τῆς
819 2745 950 2813 παλαιοῖς
964 2746 1017 2803 τῶν
1032 2740 1120 2803 τόπων
1133 2744 1161 2803 εὐ
1182 2681 1266 2826 ogda.
1287 2752 1379 2823 p032.
1394 2740 1448 2804 ed.
1463 2701 1538 2807 Cle·

503 2824 571 2888 rici.
606 2826 778 2889 Eademne
801 2826 842 2890 sit
863 2826 972 2910 planta
986 2825 1039 2889 hic
1054 2837 1306 2890 commemorata
1319 2838 1419 2910 atque
1436 2826 1539 2891 balsu-

503 2930 594 2974 mum
610 2911 735 2975 celebre
748 2910 917 2975 Judaicum
937 2932 993 2973 seu
1007 2909 1246 2989 Gileaditicum,
1260 2932 1300 2972 an
1316 2909 1416 2973 altera
1428 2912 1539 2976 arbus-

502 2994 587 3072 cula,
610 3018 682 3081 quae
707 2995 804 3059 hodie
827 2995 872 3058 ibi
897 2995 1055 3080 gignitur,
1082 2995 1174 3082 cujus
1198 3017 1238 3059 ue
1261 2994 1372 3058 laudat
1396 2995 1539 3062 fructum

503 3081 675 3166 oleumque
703 3103 743 3145 ex
770 3081 884 3144 nucleo
910 3095 1048 3144 tractum
1076 3018 1299 3164 Maundmllus
1323 3079 1365 3144 ad
1389 3097 1467 3169 pag.
1490 3088 1539 3147 86.

503 3164 663 3230 Itineraria'
678 3166 738 3245 sui,
753 3166 883 3251 ignarus
899 3188 982 3229 sum.
1527 3181 1533 3194 ¹

548 3251 630 3315 lbid.
653 3251 675 3315 l.
697 3266 742 3314 15.
766 3255 913 3328 ὑπονοεῖταν
935 3252 963 3313 δὲ
988 3250 1208 3337 ἀνατετράφθαι]

1237 3247 1327 3397 quid
1350 3248 1538 3316 subversum

501 3337 601 3401 fuisse
618 3339 753 3423 putant?
791 3339 870 3401 Non
887 3336 1067 3400 balsamum
1083 3335 1214 3421 quidem
1230 3357 1251 3420 p
1264 3349 1383 3413 antam,
1398 3348 1436 3400 ut
1450 3337 1539 3401 Goa-

502 3444 557 3486 rus
571 3422 794 3506 interpretatus
809 3433 868 3500 est,
880 3422 975 3485 etiarn
987 3420 1131 3484 Africani
1144 3420 1342 3504 temporibus
1356 3419 1390 3483 in
1404 3419 1445 3485 iis
1459 3421 1539 3486 locis

412 3563 416 3570 .
502 3524 696 3586 manentem,
712 3507 768 3570 sed
787 3521 901 3571 terram
924 3507 1004 3569 mari
1024 3517 1154 3569 mortuo
1176 3504 1382 3584 occultatam,
1399 3520 1501 3594 atque
1520 3528 1539 3572 a

502 3593 576 3657 Deo
589 3608 721 3680 propter
735 3592 912 3657 incolarum
926 3590 1046 3655 scelera
1059 3590 1100 3655 ab
1114 3590 1187 3655 imis
1202 3589 1330 3655 sedibus
1344 3612 1499 3657 eversam.

970 3931 1064 3996 XIV.

547 4101 742 4166 P.153.l.1.
764 4098 945 4186 Παρονκῆσὰς
963 4101 989 4164 δὲ
1005 4101 1081 4184 δια]
1101 4099 1187 4164 Cum
1211 4097 1346 4185 margini
1367 4110 1452 4165 esset
1474 4100 1539 4168 Co·

501 4186 591 4251 dreni
604 4187 736 4250 adlitum
753 4186 794 4249 ad
810 4209 885 4273 pag.
898 4201 948 4251 28.
963 4187 1082 4250 lemma
1096 4186 1192 4263 istud,
1206 4187 1277 4247 Ἀπὸ
1294 4190 1348 4247 τῶν
1366 4193 1416 4248 τοῦ
1435 4187 1537 4273 Ἀφρι-

500 4277 594 4348 κανοῦ,
609 4269 679 4334 haec
699 4272 849 4335 Africano
870 4293 1008 4335 asserere
1030 4272 1131 4334 visu-m
1153 4283 1212 4335 est.
1258 4270 1308 4333 Ibi
1329 4269 1362 4334 in
1385 4271 1470 4335 notis
1492 4273 1537 4336 ait
1562 4326 1565 4335 .

499 4353 677 4445 Xylander,
694 4362 716 4394 “
728 4357 879 4421 Mutilate
896 4356 967 4421 haec
984 4355 1165 4434 Cedrenus;
1185 4355 1217 4420 in
1233 4355 1377 4441 margine
1390 4369 1451 4436 est,
1465 4378 1537 4422 esoe
1557 4370 1560 4379 '

498 4449 523 4482 “
538 4464 578 4506 ex
592 4441 744 4506 Africano
759 4442 869 4524 petita.
913 4444 1076 4510 Incertum
1097 4441 1167 4505 haec
1190 4463 1230 4505 nc
1249 4462 1290 4503 an
1308 4463 1381 4527 quae
1395 4463 1537 4527 sequun-

388 4593 389 4596 ,
499 4533 589 4591 “tur
612 4525 652 4592 de
677 4528 763 4590 Loto
788 4537 821 4590 et
845 4528 925 4590 mari
950 4542 1091 4591 mortuo.
1135 4525 1293 4590 Posterius
1318 4536 1398 4610 puto
1424 4548 1535 4591 verum

497 4619 522 4652 “
537 4634 629 4676 esse:
659 4633 761 4699 neque
786 4611 856 4698 ejus
881 4610 1034 4676 miracula
1059 4611 1240 4676 Cedrenum
1263 4609 1319 4674 sed
1345 4609 1535 4677 Africanum

499 4704 522 4739 “
538 4698 599 4763 sibi
618 4697 685 4763 visa.
701 4698 857 4762 -relerre.'’
893 4697 977 4765 Satis
993 4711 1088 4772 ‚recta
1109 4696 1181 4763 haee
1204 4694 1383 4784 Xylander,
1408 4717 1471 4784 pro
1494 4718 1535 4763 eo
