4092 5675
614 779 681 852 ³³4
952 758 1313 829 Anuornuours

617 937 643 974 “
657 931 705 997 nis
719 930 949 997 Demosthenis
961 931 1111 998 adversus
1124 931 1375 1013 Androtionem,
1388 933 1424 1008 ιῐς
1438 932 1576 1019 ἐπώνυμος
1591 933 1650 1016 iffi

616 1023 644 1059 “
658 1020 706 1081 ael
727 1022 741 1080 l
762 1019 881 1093 ἐνιαυτὸς
901 1018 1101 1101 inmundiore,
1115 1018 1208 1083 cu'us
1223 1019 1353 1084 nomine
1371 1040 1473 1085 annus
1491 1019 1527 1085 in
1551 1022 1651 1087 Fastis

615 1109 639 1146 “
654 1103 852 1190 signabatur.
896 1104 950 1168 Sic
976 1105 1036 1167 sub
1060 1125 1126 1253 <pue
1180 1103 1315 1169 rchonte
1336 1104 1423 1169 idem
1445 1106 1651 1172 Atheniensi·

616 1193 640 1231 “
653 1189 725 1268 bus,
740 1188 827 1276 quod
841 1210 907 1275 quo
919 1211 1018 1255 anno.
1041 1189 1137 1254 Care
1147 1189 1316 1254 AEschines
1330 1205 1444 1256 contra
1454 1189 1650 1302 Ctesiphon-

616 1279 640 1316 “
654 1288 733 1354 tem,
746 1273 797 1338 καί
808 1300 854 1356 μοι
869 1274 1024 1362 ἀνάγνωθι,
1040 1275 1085 1338 tot
1097 1301 1166 1350 τινος
1183 1273 1330 1362 ἄρχοντος,
1345 1276 1393 1340 καὶ
1406 1277 1480 1342 vole
1495 1303 1590 1360 μηνος,
1604 1279 1650 1342 arri

617 1366 641 1401 “
654 1364 681 1424 ir
693 1360 744 1425 nol
758 1358 859 1458 ἡμέρᾳ,
871 1382 909 1426 ac
924 1362 951 1426 si
966 1360 1109 1441 dixisset,
1124 1383 1182 1448 quo
1198 1381 1290 1440 anno,
1302 1382 1361 1448 qno
1377 1360 1453 1426 anni
1465 1384 1582 1444 manse,
1594 1384 1650 1451 quo

616 1452 640 1486 “
653 1446 766 1511 mensis
781 1445 863 1511 dre.”
877 1468 912 1534 p.
924 1452 996 1513 261.
1012 1446 1148 1512 Dissert.
1161 1467 1259 1533 supra
1271 1460 1469 1524 memorate.

661 1533 696 1596 P.
714 1544 781 1609 173.
802 1532 825 1595 l.
838 1547 869 1611 9.
894 1533 1001 1619 ἤρχθη]
1018 1535 1070 1597 Ita
1088 1532 1233 1597 ediderat
1252 1532 1407 1620 Scaliger,
1421 1532 1512 1620 quod
1527 1533 1650 1598 firmant

616 1617 712 1684 Msri
724 1617 924 1684 Parisioruer.
968 1618 1034 1682 Sed
1049 1617 1175 1705 ἤνᾴχθα(
1189 1616 1349 1704 syncellus
1367 1617 1539 1684 Goarirurs.
1579 1620 1651 1684 Post

602 1703 658 1768 ad
673 1703 727 1767 lin.
743 1717 789 1767 12.
804 1701 919 1767 Φιλίνου
933 1724 992 1811 pro
1005 1704 1125 1781 spinione
1139 1704 1226 1771 Scal.

660 1787 746 1853 Ibid.
769 1788 791 1851 l.
814 1802 860 1853 12.
890 1793 1022 1853 ὕπατευον
1043 1788 1151 1876 Γράτος
1169 1785 1332 1864 Σαθινιανδς
1351 1789 1498 1873 Ῥωμαίων
1521 1789 1571 1854 nal
1595 1787 1649 1856 5a'·

615 1873 1074 1961 mm5]01ymp.250.ann.
1103 1875 1221 1976 primo,
1247 1887 1362 1962 quarto
1389 1887 1500 1940 autem
1530 1872 1651 1962 imperii

616 1957 785 2044 Elagabali
802 1959 991 2042 (secundum
1008 1960 1208 2026 usitetrorem
1248 1959 1357 2025 uidem
1369 1960 1462 2047 regni
1476 1959 1549 2049 ejus
1564 1981 1651 2052 com.-

615 2044 966 2132 >
978 1982 1650 2112 l

614 2201 720 2282 tendit
734 2152 806 2281 iet.
822 2215 982 2282 Relundus
996 2218 1030 2281 in
1044 2217 1131 2281 Furt.
1148 2218 1238 2282 Gens.
1253 2237 1286 2303 p.
1302 2230 1369 2282 142.
1388 2178 1600 2283 eonfimiatur
1614 2237 1651 2282 ex

617 2301 722 2368 Fastis
737 2301 925 2368 Florentinis
939 2301 1127 2381 Minoribus,
1143 2316 1176 2366 et
1194 2304 1219 2366 F
1312 2303 1394 2368 entis
1409 2302 1527 2368 Dionis
1543 2301 1650 2368 creti

611 2409 693 2490 pag.
706 2403 778 2468 991.
824 2387 945 2454 Censet
960 2387 1047 2453 idern
1068 2386 1252 2486 Relandus·
1320 2387 1426 2454 ionum
1440 2387 1506 2454 dici
1529 2387 1651 2468 latine,

613 2495 673 2562 qur
700 2473 823 2540 Graecis
852 2474 1022 2561 Σιυοριανός,
1053 2496 1117 2538 non
1148 2473 1373 2553 Severianum,
1429 2497 1466 2539 ro
1493 2472 1651 2562 Σωιςωός

614 2560 714 2640 enim,
731 2560 828 2647 idque
841 2581 927 2625 nunc
944 2559 1207 2624 confirmantibus
1221 2558 1377 2625 Parisinis
1395 2496 1536 2647 §torcelli
1555 2559 1651 2644 scrip-

614 2645 669 2725 tis,
685 2645 933 2732 imprimendum
948 2659 1111 2711 curaverat
1125 2645 1270 2732 Scaliger
1289 2643 1463 2720 Σαθινιανός.
1501 2645 1580 2711 Hoc
1598 2665 1653 2709 au·

615 2742 683 2795 tem
707 2753 792 2796 anno
816 2732 1034 2796 terminavisse
1054 2753 1136 2818 opus
1156 2753 1252 2796 suum
1271 2731 1325 2796 De
1343 2731 1561 2818 Temporibus
1581 2751 1651 2796 rno-

617 2814 688 2881 nuit
704 2817 846 2917 Scaliger
866 2816 1152 2898 accuratissimum,
1170 2828 1209 2882 ut
1230 2815 1285 2896 eit,
1304 2829 1488 2904 temporum
1508 2817 1653 2883 omersc-

615 2912 721 2966 torem
734 2902 859 2967 Julrum
874 2902 1076 2966 Africanum.
1115 2902 1238 2968 Confer
1250 2916 1284 2969 et
1296 2904 1401 2970 Num.
1415 2926 1449 2969 1..
1465 2902 1510 2969 ad
1522 2902 1580 2969 fin.

660 2985 744 3051 ibid.
761 2988 783 3051 l.
800 2993 846 3051 16.
868 2995 915 3050 τοῦ
937 2989 984 3051 nal
1006 2987 1125 3073 Arieiru]
1143 2989 1218 3053 MS.
1240 2995 1289 3054 τοῦ
1310 2987 1357 3071 rra)
1376 2988 1522 3076 Atyr'mv
1543 2989 1603 3073 (ita
1622 2998 1653 3052 et

616 3071 694 3137 MS.
724 3084 853 3160 nterqrre
880 3072 1054 3153 Parisinus,
1081 3097 1220 3174 quorum
1247 3074 1334 3161 prior
1362 3075 1499 3139 fortasse
1523 3086 1574 3138 est
1602 3072 1652 3139 hic

616 3159 778 3224 Guarinus
793 3160 895 3241 MS).
932 3159 1077 3246 Scaliger
1090 3160 1175 3224 rdem
1190 3161 1316 3246 reponit
1329 3161 1363 3224 in
1376 3172 1478 3239 textu,
1497 3158 1653 3246 (Scaliger

614 3242 714 3309 habet
738 3246 785 3309 nal
805 3244 959 3327 Aiyiorou)
982 3246 1014 3309 in
1029 3244 1180 3310 Animad.
1195 3245 1330 3311 Ateiroo:
1352 3246 1502 3311 usitatius
1523 3266 1590 3332 ego
1606 3251 1652 3309 rot

615 3330 1652 3504 iture·.nutrirentur}niterentur

690 3464 697 3480 ·
1249 3465 1258 3497 r

615 3503 827 3588 Alngabalus.
850 3503 1023 3567 Gonnus.
1067 3502 1131 3567 Sed
1146 3503 1268 3566 fallitur
1282 3504 1420 3582 Goarus,
1437 3524 1514 3567 narn
1534 3502 1578 3565 X‘

614 3588 700 3652 linus
720 3587 836 3652 Dinnis
858 3587 1062 3673 Epitomator
1081 3587 1323 3672 Aviti't’Asslrou)
1341 3610 1459 3653 nornen
1473 3524 1652 3673 Uagarpdo

614 3673 649 3738 in
666 3674 699 3736 V
697 3672 744 3738 ita
764 3671 833 3759 ejus
851 3674 1007 3751 attribuit,
1029 3696 1061 3760 p.
1076 3686 1145 3750 347.
1166 3673 1218 3738 ed.
1242 3674 1279 3738 R.
1296 3673 1408 3761 Steph.
1444 3673 1523 3738 Vid.
1538 3686 1573 3737 et
1591 3673 1650 3737 Irn-

611 3769 793 3845 perntonrrn
819 3759 933 3822 Seriern
961 3758 1103 3824 Chronol.
1128 3780 1148 3822 a
1171 3759 1348 3847 Sylburgio
1392 3759 1510 3824 nimum
1532 3759 1650 3824 editam

613 3845 649 3910 in
664 3845 725 3909 fine
739 3844 890 3909 Romanae
902 3844 990 3910 Hist.
1009 3845 1199 3931 Scriptorum
1216 3846 1322 3909 Groec.
1381 3844 1515 3909 inernm.
1555 3846 1651 3910 Porro

614 3930 703 3995 idem
725 3929 788 3995 hoc
808 3932 911 3996 scelus
928 3952 1046 3995 nornen
1061 3930 1250 3996 Moracaviti
1264 3929 1350 4016 gerit
1363 3931 1396 3994 in
1412 3929 1501 3995 brevi
1515 3928 1650 4031 quadarn

614 4015 837 4115 chronologiae
851 4016 993 4080 Africani
1015 4017 1153 4118 Supina,
1167 4038 1263 4116 quarn
1286 4015 1335 4080 his
1355 4016 1559 4116 Fragmentrs
1578 4014 1650 4081 sub-

610 4123 773 4250 {ttrite
791 4101 1650 4252 it.⁰i0iti²¹tinir..it‘t¹¹iti.”⁰i¹..3

615 4269 749 4335 Avitum
772 4273 1015 4359 interpretatum
1039 4294 1119 4352 esse,
1135 4286 1227 4338 notat
1247 4272 1432 4337 Roncallius
1451 4272 1494 4337 ad
1512 4292 1589 4361 pag.
1603 4284 1648 4361 7¹·

614 4371 697 4422 tom.
719 4357 747 4420 Ι.
775 4356 891 4422 ls'etnst.
914 4359 988 4423 Int.
1015 4358 1244 4423 Chronicornnr.
1293 4359 1411 4446 Neque
1437 4356 1484 4422 ita
1510 4356 1650 4425 mirandr

614 4445 700 4510 toret
714 4443 908 4529 permutatio
923 4443 1040 4508 Αὐείτου
1053 4444 1084 4508 in
1099 4443 1330 4531 Manuscriptis
1344 4444 1378 4508 in
1392 4442 1547 4528 Αὒγέντου.
1585 4440 1649 4509 Ad·

614 4541 727 4594 ventus
739 4527 837 4606 enim,
850 4529 965 4594 Graece
978 4529 1132 4610 Ἀδεέντος,
1143 4544 1176 4595 et
1188 4530 1318 4608 Aurius,
1331 4529 1516 4617 corrigente
1527 4528 1648 4595 Salma-

525 4676 528 4681 .
552 4664 555 4669 -
615 4614 675 4692 sio,
687 4613 813 4693 Avitus,
827 4613 859 4677 in
875 4614 976 4681 solini
990 4616 1224 4703 exemplaribus
1237 4615 1321 4681 inter
1341 4638 1375 4681 ee
1396 4615 1516 4681 munti
1536 4614 1646 4685 solent.

614 4698 699 4765 Vide
714 4698 858 4767 Salmaeii
871 4699 1037 4768 Plinionns
1048 4701 1239 4768 Exercitett.
1252 4700 1288 4772 in
1298 4699 1439 4769 Selium
1447 4700 1485 4767 in
1497 4699 1653 4789 indage
