4092 5675
443 834 500 902 IN
514 834 547 900 S.
562 831 783 900 GREGORII
797 828 1003 900 NEOCAES.
1019 830 1155 900 EPIST.
1172 832 1347 902 CANON.
1374 848 1436 924 451

443 1005 482 1071 P.
491 1018 562 1086 439.
576 1005 600 1071 1.
616 1020 663 1071 13.
688 1003 734 1086 κα)
748 1002 895 1091 ὑπερόολίην
908 1004 1038 1089 όιτοτίας]
1055 1007 1114 1069 Καὶ
1129 1027 1188 1093 pro
1201 1008 1259 1071 οὑδὲ
1272 1029 1312 1072 ex
1325 1006 1439 1072 duobus

397 1091 741 1179 1111ρ111158.11195.
762 1090 897 1170 restitui,
917 1091 962 1154 ita
981 1103 1122 1155 vertente
1143 1114 1273 1239 Juoque
1291 1092 1439 1158 codicem

399 1195 501 1242 suurn
524 1177 671 1256 Herveto,
693 1188 723 1240 et
745 1198 874 1261 qnorum
896 1173 1088 1260 improbitati
1108 1176 1142 1241 ni
1153 1176 1191 1240 iil
1207 1190 1310 1262 potest
1333 1177 1440 1263 adjici.

398 1261 514 1340 Nullo⁴
525 1275 613 1329 extat
632 1262 789 1349 particula
806 1262 838 1325 in
860 1261 959 1326 codice
971 1262 1028 1325 illo
1042 1268 1093 1340 26,
1108 1263 1175 1348 qui,
1191 1277 1227 1327 ut
1241 1262 1318 1343 dixi,
1332 1277 1440 1328 vetus·

400 1346 547 1413 tissimus
571 1358 630 1412 est.
675 1348 904 1433 interpretatus
925 1361 974 1412 est
994 1358 1102 1411 autern
1126 1349 1280 1427 Zonaras,
1301 1363 1375 1435 post
1399 1369 1441 1413 ue

401 1452 482 1498 eum
496 1434 666 1511 Blastares,
690 1433 699 1455 “
718 1434 816 1510 πιότης
830 1432 944 1506 ἀτοπίας
959 1431 1092 1498 ἐπέκεινα.
1138 1432 1198 1497 1111
1213 1434 1333 1499 interea
1347 1371 1442 1499 codex

402 1522 477 1583 625.
500 1518 579 1584 olim
604 1460 876 1584 Ruwiinsonionus
898 1519 945 1581 καί
968 1522 1081 1596 πολλὴν
1104 1517 1251 1605 ότερόολὴν
1276 1542 1341 1584 una
1364 1542 1441 1583 cum

403 1603 546 1669 Aristini
563 1604 693 1690 Synopsi
707 1603 814 1669 habet.
858 1604 1008 1690 Denique
1029 1625 1089 1690 pro
1111 1603 1227 1679 ἀτοπίας
1247 1604 1353 1670 minus
1372 1605 1440 1669 ele·

403 1701 521 1779 genter
534 1687 662 1764 οἰτεὸείας
677 1689 763 1754 idem
778 1688 871 1753 codex
885 1695 954 1768 625,
969 1688 1025 1753 sed
1040 1689 1163 1764 ἀσωτίας
1177 1690 1241 1753 cod.
1254 1705 1329 1756 ¹158.

449 1773 534 1839 Ibid.
557 1775 579 1839 l.
605 1780 651 1837 16.
679 1775 741 1850 τοὺς
763 1776 940 1863 οτροεςῶτας]
966 1775 1110 1839 Nomine
1131 1775 1366 1859 praesidentium
1389 1775 1445 1842 hic

403 1855 568 1947 designari
590 1859 771 1947 episcopos,
787 1873 825 1925 ut
846 1860 930 1945 apud
948 1860 1113 1925 ,lustinum
1135 1862 1187 1924 M.
1207 1860 1444 1926 Tertullianum

403 1944 563 2034 aliosque,
583 1946 710 2013 monuit
733 1945 775 2011 od
791 1946 966 2032 Anglicam
991 1946 1150 2012 Cononem
1172 1946 1328 2033 Synopsin
1351 1969 1443 2012 suam

403 2025 603 2097 Johnsonus.

393 2130 397 2135 '
450 2116 567 2182 Pauo.
584 2116 608 2181 1.
620 2132 650 2182 2.
672 2119 741 2200 μηδὲ
755 2116 920 2201 όνομαζὲὣω
936 2120 962 2180 ἓν
976 2118 1051 2203 ὑμῖν]
1069 2118 1180 2182 Habet
1194 2116 1281 2182 istud
1295 2119 1448 2205 Gregorii
1557 2178 1560 2189 ,

406 2200 456 2267 ed.
472 2201 628 2287 princepe,
643 2204 676 2267 in
698 2204 804 2267 MStis
826 2222 955 2289 quoque
976 2204 1064 2267 Novi
1084 2204 1174 2268 Test.
1197 2224 1322 2289 semper
1343 2224 1447 2268 serva·
1485 2263 1504 2287 „

406 2298 501 2366 tum3
523 2287 615 2438 φφοά
631 2300 740 2386 samen
762 2288 917 2353 omittunt
935 2287 1044 2372 scripti
1058 2288 1171 2354 codices
1186 2301 1298 2386 11111111,
1313 2288 1445 2386 perinde

406 2393 428 2438 a
466 2394 508 2437 ue
565 2371 661 2437 1111111
676 2386 709 2439 11
722 2375 871 2461 Revereg.
887 2395 962 2438 cum
978 2384 1112 2523 ιοίνοφυα
1127 2375 1266 2439 Verresne
1280 2375 1410 2439 Latino.

472 2458 541 2524 bid.
557 2458 579 2523 1.
594 2474 624 2523 5.
649 2464 662 2521 ί
680 2463 737 2547 γὰρ
755 2461 858 2547 κάρτος
871 2465 919 2522 τοῦ
933 2460 1033 2545 φωτὸς]
1078 2481 1113 2524 10
1129 2462 1215 2543 φωτδς
1227 2481 1392 2544 germana,
1410 2471 1448 2525 ut

373 2602 376 2605 ,
406 2543 513 2610 critici
532 2545 613 2609 sacri
632 2544 753 2624 volunt,
768 2545 907 2611 lectione
928 2557 1035 2609 textus
1052 2544 1223 2609 hodiernus
1238 2546 1319 2609 Noni
1338 2547 1447 2611 Testu-
1545 2544 1552 2550 ’

405 2628 508 2696 menti
533 2652 644 2695 vocem
673 2629 833 2714 οτνεόματος
863 2629 973 2708 habet,
1023 2651 1142 2694 uocum
1175 2631 1335 2695 consentit
1363 2653 1449 2696 unus

406 2727 535 2780 tantum
558 2736 598 2780 ex
619 2716 770 2802 Gregorii
794 2717 953 2780 Cononem
1016 2715 1092 2793 stis,
1111 2715 1139 2780 is
1161 2730 1211 2780 est
1231 2714 1333 2782 codex
1353 2718 1449 2781 Raw·

407 2799 527 2867 liuson.
545 2806 614 2866 625.
659 2802 742 2865 Mox
762 2800 843 2867 illud
862 2805 917 2875 ἓςιν
938 2815 1012 2866 ante
1035 2801 1161 2888 εἰᾶρεςον
1180 2823 1198 2866 1
1219 2811 1307 2868 textu
1325 2804 1449 2890 sumpsi

409 2907 497 2952 sucro
511 2898 545 2952 et
561 2886 721 2952 Cononem
736 2898 799 2952 octo
814 2887 935 2965 sestis,
948 2888 1019 2952 solo
1034 2888 1189 2952 renitente
1203 2888 1302 2953 codice
1315 2903 1384 2954 205.

455 2970 540 3036 111111.
554 2972 578 3037 1.
595 2986 642 3036 15.
667 2973 824 3058 οἰναςότων]
849 2973 1044 3038 Phavorinus
1060 2973 1094 3036 in
1114 2972 1251 3039 Leoeicor
1283 2975 1450 3054 Ἀιόςατος,

410 3056 676 3142 ὅκατιςραμμόνος,
690 3057 705 3136 ἢ
721 3063 734 3121 ὁ
748 3060 966 3144 αετορθῆμενος,
989 3065 1002 3121 ὁ
1022 3058 1068 3121 διό
1087 3083 1150 3123 τινα
1171 3061 1313 3144 συμφοράν
1332 3059 1348 3137 ἢ
1365 3058 1451 3140 δίκην,

410 3140 576 3206 καταλιπὼν
589 3147 638 3222 τὴν
652 3143 764 3221 οἰκείαν,
779 3141 826 3223 noi
839 3147 866 3205 ἓν
878 3148 914 3229 τῇ
926 3144 1071 3228 ἀλλοδαπῇ
1086 3143 1281 3227 διαγενόμενος.

457 3227 542 3292 Ibid.
557 3227 579 3291 1.
597 3234 645 3293 16.
667 3226 917 3311 ἢοτεφονωμίνων]
933 3228 1034 3292 Haud
1048 3229 1218 3292 tacendum
1235 3239 1295 3307 est,
1310 3228 1451 3313 particu-

410 3310 479 3378 lam
491 3314 506 3380 ἰν
517 3333 666 3401 respuere
678 3314 846 3392 Ζοτιονααι,
859 3325 892 3378 11
904 3312 972 3377 edd.
985 3313 1125 3399 exceptis
1140 3311 1295 3392 conciliis,
1306 3312 1451 3399 scriptos·

438 3417 479 3461 ue
496 3419 577 3463 meos
596 3421 716 3478 omnes,·
740 3419 845 3485 neque
865 3399 963 3463 etiam
985 3397 1151 3464 inventum
1171 3397 1269 3463 fuisse
1290 3397 1389 3463 videri
1410 3399 1468 3462 ab‘

451 3492 552 3548 1111111
570 3484 707 3550 alterum
728 3483 744 3562 η
764 3496 840 3549 ante
858 3482 1063 3570 αἰχμαλώτων,
1077 3483 1133 3570 qui
1147 3484 1250 3564 vertit,
1270 3481 1349 3548 lucri
1359 3483 1452 3570 foci·

359 3590 364 3599 ‘
412 3573 501 3634 entes
515 3591 555 3634 ex
572 3568 725 3657 sanguine
745 3580 776 3633 et
794 3568 931 3655 pernicie
949 3591 1121 3640 eversomnr
1143 3569 1299 3634 nominum
1318 3569 1455 3653 captivo·

412 3674 498 3733 mm,
513 3653 756 3741 interfectorum.
794 3654 842 3720 At
863 3676 938 3720 vero
959 3654 1008 3719 vel
1029 3655 1203 3734 inventum,
1225 3655 1273 3721 vel
1294 3653 1454 3735 additum,

411 3736 480 3807 hoc
493 3739 556 3805 fuit
571 3739 612 3805 ah
627 3739 890 3826 OEcolsmpadio‚
906 3754 943 3805 ut
956 3761 995 3805 ex
1009 3741 1152 3812 versione
1165 3741 1236 3829 ejus
1251 3752 1350 3828 patet.

460 3822 497 3892 Ρ.
515 3836 587 3890 441.
610 3825 634 3891 1.
653 3841 683 3890 2.
713 3832 754 3912 τῷ
776 3827 862 3913 λαμ]
882 3827 1019 3892 Zonarae
1044 3825 1312 3891 Commentarius:
1340 3827 1391 3889 Ἐν
1413 3830 1456 3912 τῷ

414 3912 505 3998 11111ρῷ
521 3915 570 3988 τῆς
588 3917 643 3975 τῶν
662 3911 808 3999 μαρτύρων
827 3910 992 3990 λεηλασίας,
1005 3912 1075 3986 τινὲς
1085 3914 1142 3976 Ιτῶν
1156 3911 1354 3997 διαφυγόντων,
1368 3915 1454 3988 ὶτῆλ-

413 3997 466 4058 θον
484 3997 547 4070 ταῖς
568 3994 666 4071 οἰκίαις
685 4001 738 4060 τόν
758 3995 1046 4082 aimoinus,
1060 3995 1108 4078 uui
1126 3998 1252 4082 ἥρπασαν
1267 3999 1306 4061 τοὶ
1318 3996 1388 4083 περὶ
1400 4004 1456 4062 τῶν

413 4075 565 4167 βαρὸόιρων
578 4079 813 4165 καταλειφθέντα.
841 4083 909 4170 erupi
927 4081 1030 4146 τοότοον
1044 4081 1088 4145 οὖν
1103 4081 1244 4169 ἐρωτηθείς
1258 4088 1272 4145 i
1284 4074 1377 4168 μόνας
1393 4079 1457 4159 ἔτος

413 4165 528 4249 πατὴρ,
544 4165 636 4248 φησίν,
650 4163 692 4230 ότι
706 4171 796 4230 οτᾶοα
810 4167 962 4247 πλεονεξία
980 4172 1013 4254 τῇ
1032 4166 1095 4253 θείᾳ
1111 4173 1204 4254 γραφῇ
1223 4166 1456 4278 ἀπηγόρευταρμξ,

415 4251 447 4312 οὔ
463 4250 573 4313 δυνατδν
587 4252 614 4312 ἓν
628 4257 681 4338 μιᾷ
699 4254 811 4337 ἐτιςολῇ
828 4251 992 4340 οττριλαόεῖν
1005 4251 1059 4316 όοα
1072 4254 1139 4341 περὶ
1152 4253 1317 4332 πλεονεξίας
1327 4260 1346 4331 Ιἡ
1359 4270 1456 4342 γραφη

414 4331 538 4412 διέξεισι,
559 4335 698 4418 συντόμως
720 4337 748 4399 δὲ
765 4338 858 4419 φησίν,
880 4336 920 4402 ότι
941 4343 1002 4412 σόος
1022 4337 1205 4419 πλεονέκτης,
1226 4339 1390 4426 ἐκκῆρυκτος
1408 4343 1457 4414 τῆς

415 4418 570 4497 ἐκκλησίας
583 4420 648 4492 ἑςίν·
671 4422 732 4484 όιντί
746 4429 794 4486 τοῦ
808 4421 962 4500 ἆτόόλητος
976 4420 1023 4502 κα)
1039 4421 1195 4510 ἀλλότριος.
1223 4422 1458 4510 όιτοκηρόοοεθυρ

385 4551 390 4559 .
414 4507 477 4590 γὰρ
494 4501 625 4588 λέγοντας
645 4512 670 4570 οἰ
686 4507 746 4585 uici,
760 4507 825 4570 όταν
839 4510 860 4569 δ’
876 4509 997 4590 αἰτίαμα
1014 4513 1063 4583 τῆς
1082 4515 1192 4592 γονικῆς
1212 4505 1392 4592 κληρονομίας
1406 4509 1457 4571 ix·

417 4586 590 4669 όόιλλωντας,
606 4589 653 4670 καὶ
665 4598 865 4679 ἀλλοτριῶνταρ
878 4599 926 4669 τῆς
939 4591 1105 4677 συγίενείας.
1134 4595 1166 4657 τδ
1185 4593 1213 4655 δὲ
1234 4596 1261 4656 ἐν
1281 4596 1368 4679 καιρῷ
1382 4617 1457 4674 συμ-

416 4677 514 4758 φοραῖς,
528 4671 593 4737 όταν
610 4676 733 4762 ἐθρήνουν
754 4684 778 4740 οἰ
796 4675 943 4765 ἅνθρωποι·
970 4685 993 4742 oi
1013 4681 1064 4761 μὲν
1084 4675 1361 4766 αίχμοιλωτιθόντες·
1385 4683 1410 4740 οί
1429 4678 1476 4750 δὲ,

416 4760 463 4829 nc
475 4758 538 4845 τοὺς
551 4759 663 4840 οἰκείους
675 4763 712 4840 εἰς
726 4762 850 4830 δουλείαν
864 4761 1024 4848 ἀγομένους·
1051 4769 1076 4829 οἰ
1089 4766 1116 4830 δὲ
1131 4766 1175 4830 διὰ
1188 4761 1298 4853 ςόρητιν
1311 4759 1460 4854 οτραγμᾶτ

891 4862 982 4937 ogs
