4092 5675
628 727 682 828 ΙΝ
699 731 1002 801 ΑΝΟΝ.ἈΠΟΤ.
1022 729 1209 799 CONTRA
1229 731 1424 799 CATAPH.
1500 731 1543 815 87

502 895 668 986 Miltiade,
679 902 832 970 haeretico
844 905 984 992 quodam
995 905 1191 969 mentionem
1204 903 1325 983 fecerit,
1338 905 1412 969 inde
1423 904 1539 968 confir·

504 991 586 1056 mari
605 991 780 1060 arbitratur
795 992 927 1056 Eusebii
944 991 1126 1069 lectionem,
1142 991 1380 1077 Nicephorique
1394 1013 1468 1055 curn
1483 1012 1538 1054 ex-

503 1075 687 1142 scribentis.

544 1161 745 1239 P.7a.l.1o.
768 1160 975 1249 ὅφικτοκοότορόν
995 1162 1066 1246 τας]
1089 1163 1126 1226 ln
1148 1161 1258 1226 codice
1280 1162 1383 1247 Regio
1404 1184 1441 1226 ac
1463 1162 1539 1225 Me·

505 1243 608 1313 dicaeo
629 1273 688 1324 τας
709 1261 878 1314 accentum
901 1249 1004 1335 rejicit
1021 1248 1054 1311 in
1074 1247 1219 1312 ultimam
1242 1247 1394 1335 syllabam
1412 1260 1539 1311 antece·

504 1331 607 1400 dentis
620 1335 780 1399 vocabuli.
823 1334 923 1401 Quod
943 1334 1017 1397 idco
1037 1348 1148 1397 notare
1162 1334 1258 1411 volui,
1274 1334 1350 1418 quia
1363 1332 1404 1395 ad
1419 1332 1540 1418 margi·

505 1439 576 1484 nam
589 1419 741 1485 editionis
757 1420 952 1485 Genevensis
969 1419 1107 1505 idipsum
1127 1419 1285 1483 indicatur
1305 1419 1401 1504 paulo
1422 1420 1540 1483 obscu-

504 1504 578 1570 rius.
624 1507 664 1571 ln
677 1506 791 1571 codice
805 1529 935 1594 quoque
952 1508 1040 1569 Maz.
1057 1520 1090 1568 et
1106 1505 1186 1568 Fuk.
1202 1531 1257 1577 πως
1272 1520 1439 1569 accentum
1463 1505 1539 1591 reji-

504 1585 548 1656 cit
568 1591 602 1656 in
628 1592 872 1662 antecedentem
897 1613 1018 1656 vocem.
1041 1592 1249 1654 Vauasrus.
1293 1591 1331 1653 In
1356 1590 1403 1653 ed.
1433 1589 1539 1674 Stepb.

503 1674 696 1763 impressum
718 1679 823 1742 suerat
847 1704 912 1751 σας
938 1700 1011 1741 cum
1035 1676 1250 1752 circumflexo,
1273 1676 1326 1739 cui
1347 1689 1540 1740 accentuum

503 1762 616 1848 regula
628 1775 662 1827 et
675 1765 777 1828 nostri
791 1785 921 1850 quoque
936 1763 1064 1826 codices
1076 1762 1184 1848 scripti
1199 1761 1411 1846 refragantur,
1425 1764 1538 1826 saltem

502 1848 605 1912 codex
617 1848 672 1913 ille
686 1848 891 1914 Bodleianus.

545 1932 633 1998 lbld.
648 1933 670 1998 l.
686 1949 734 1999 1⁵.
756 1933 779 2021 ᾧ
792 1936 830 2016 μή
843 1946 875 1998 τε
888 1962 909 1997 rr
926 1937 1033 2012 οθεῖνοη
1045 1935 1108 2015 μήτ’
1124 1937 1246 2018 ἀφελεῖν]
1266 1934 1410 1997 Forsitan
1425 1948 1538 1999 aucto-

501 2018 545 2084 ris
563 2019 599 2084 in
620 2033 764 2084 mentem
779 2021 863 2084 venit
879 1961 1007 2084 illorum
1022 2020 1055 2082 in
1070 2019 1174 2103 capite
1192 2018 1250 2083 ult.
1269 2019 1481 2106 Apocalypsin,
1497 2022 1539 2085 ad

500 2125 623 2169 comm.
641 2119 687 2170 18.
700 2117 734 2169 et
750 2121 796 2185 19.
843 2106 939 2170 Certe
963 2105 1039 2169 illuc
1063 2117 1208 2190 spectant
1232 2105 1419 2168 Tertulliani
1446 2110 1540 2171 rerba

500 2189 586 2256 Ado.
603 2189 841 2279 Hermogenem,
859 2214 929 2278 cap.
946 2205 994 2254 22.
1018 2191 1174 2274 Scriptum
1198 2213 1259 2254 csse
1280 2191 1385 2253 docent
1407 2192 1539 2254 Hermo·

499 2275 590 2363 genis
605 2275 747 2362 ficium.
786 2278 822 2342 si
836 2286 956 2342 nonest
971 2277 1130 2360 scriptam,
1148 2276 1256 2338 timeat
1270 2299 1320 2339 ναν
1335 2275 1415 2339 illud
1429 2279 1540 2362 adjici-

501 2361 624 2426 entibus
639 2373 696 2426 aat
709 2361 939 2427 detrabentibus
954 2362 1143 2425 institutum.

545 2449 582 2512 P.
593 2461 644 2525 74.
659 2447 683 2512 l.
695 2463 725 2512 2.
747 2454 794 2525 τὴν
809 2454 884 2512 κατὰ
898 2448 979 2511 τόπον
995 2445 1159 2530 ἐκκλησίαν]
1174 2446 1290 2509 Πόντον.
1329 2450 1441 2532 Longe
1455 2471 1537 2533 pra·-

501 2531 634 2598 ferenda
648 2548 698 2597 est
711 2535 832 2599 codicis
852 2535 944 2619 Regii
963 2533 1129 2618 scriptura,
1144 2555 1241 2618 quam
1258 2535 1425 2596 confirmat
1440 2536 1537 2599 etiam

500 2617 709 2706 Nicephorus
723 2621 756 2683 in
770 2620 852 2684 libro
867 2621 907 2684 ἰν.
922 2640 990 2703 cap.
1001 2633 1051 2682 23.
1067 2624 1114 2697 τὴν
1129 2622 1205 2682 καταὶ
1219 2618 1298 2681 τόκον
1313 2620 1474 2696 ἐκκλησίαν.
1501 2623 1538 2684 ld

488 2719 552 2770 cst
564 2704 731 2770 ecclesiam
748 2705 832 2769 illius
846 2705 922 2782 loci,
937 2707 1077 2790 Ancyrae
1094 2705 1226 2769 scilicet.
1264 2704 1317 2767 Sic
1332 2706 1363 2767 in
1379 2707 1538 2791 inscripti-

502 2809 565 2855 one
578 2790 725 2878 epistolae
741 2791 981 2877 Smyrnensium
998 2790 1040 2855 ad
1055 2790 1190 2877 reliquas
1203 2790 1351 2855 ecclesias
1365 2793 1412 2855 καὶ
1427 2794 1539 2868 σπάσαις

500 2882 564 2952 ταῖς
578 2881 655 2941 κατὰ
669 2876 770 2941 οτόιντα
781 2877 861 2941 τόπον
872 2884 920 2953 τῆς
933 2875 1019 2961 οἱγόας
1034 2882 1185 2954 καθολνκῆς
1200 2879 1349 2953 ἐκκλησίας
1364 2879 1538 2966 οταςονκόανς.

501 2956 545 3027 Et
563 2962 646 3027 infra
667 2963 736 3047 (lin.
755 2966 827 3045 10.).
848 2965 1056 3029 Vnaasrus.
1099 2962 1199 3047 Apud
1225 2965 1383 3027 Irenaeum
1408 2987 1538 3052 quoque

501 3048 654 3129 lnvenlaS,
670 3055 717 3125 τῆς
735 3054 810 3112 κοντοὶ
827 3049 907 3112 τόπον
924 3047 1075 3125 ἐκκλησίας
1094 3049 1193 3124 πάσης
1214 3048 1407 3130 αἰτησαμένης.
1432 3053 1487 3113 lib.
1504 3057 1536 3115 li.

501 3148 541 3197 ca
564 3149 638 3199 .31.
653 3134 705 3199 ed.
720 3135 889 3199 Massueti.
936 3132 1021 3197 Cum
1043 3133 1137 3220 Regio
1160 3133 1258 3198 Msto
1278 3137 1436 3200 consentit
1454 3137 1538 3201 Νον-

492 3154 668 3305 foldensis,
683 3235 717 3285 et
731 3221 909 3284 Strotbium
926 3234 1055 3284 secutus
1071 3219 1151 3281 τόπον
1168 3220 1201 3282 in
1215 3233 1336 3284 tentum
1355 3221 1469 3305 recepi.

545 3305 629 3369 Ibid.
643 3306 667 3371 l.
679 3320 710 3370 4.
733 3304 1008 3393 διατεθςολκημένην]
1029 3304 1067 3367 Id
1089 3318 1138 3367 est
1159 3322 1381 3388 personantem
1403 3329 1441 3368 ac
1463 3329 1537 3392 per-

503 3402 707 3477 strepentem.
750 3393 835 3475 Tota
853 3392 939 3455 enim
961 3390 1095 3454 ecclesia
1115 3389 1198 3453 illius
1215 3391 1288 3468 loci,
1305 3413 1430 3454 rumore
1446 3415 1537 3458 novae

502 3477 682 3563 prophetia
698 3477 899 3563 personabat,
915 3499 988 3540 cum
1006 3477 1049 3540 ob
1064 3488 1160 3539 tantae
1177 3477 1222 3539 rei
1238 3477 1408 3541 novitatem
1428 3479 1537 3542 cuncti

502 3561 543 3625 de
556 3584 595 3627 ea
608 3585 642 3627 re
656 3562 874 3649 loquerentur.
918 3565 967 3625 Ex
980 3584 1046 3648 quo
1062 3576 1201 3710 apparet,
1216 3561 1336 3627 donum
1358 3564 1536 3649 prophetiae

498 3644 568 3735 jam
583 3661 653 3712 tum
669 3648 731 3713 illis
745 3649 944 3734 temporibus
967 3648 999 3711 in
1022 3668 1077 3711 ecc
1092 3648 1157 3712 csia
1171 3671 1275 3712 rarum
1291 3662 1386 3734 atque
1402 3649 1536 3714 inusita-

501 3746 570 3797 tum
586 3734 684 3799 fuisse
690 3758 700 3813 3
719 3735 837 3823 quippe
852 3756 925 3798 cum
942 3746 1052 3797 exorta
1067 3734 1218 3798 Montani
1233 3734 1411 3820 prophetia,
1428 3751 1536 3800 tantos

501 3820 662 3885 tumultus
689 3833 765 3884 tunc
791 3820 945 3905 temporis
971 3820 1002 3882 in
1030 3819 1163 3882 ecclesia
1189 3820 1381 3883 excitaverit.
1435 3820 1535 3885 Quod

502 3918 587 3969 certe
602 3927 667 3969 non
681 3906 881 3993 contigisset,
896 3904 922 3968 si
939 3904 1082 3968 solemne
1102 3918 1178 3968 tunc
1199 3926 1236 3967 ac
1258 3906 1479 3990 pervulgatum
1501 3906 1534 3970 in

501 3989 636 4055 ecclesia
656 3991 768 4056 fuisset
787 3990 965 4077 prophetiae
982 3990 1115 4053 donum.
1161 3991 1257 4053 Porro
1271 3991 1534 4077 διατεθηολλημένην

500 4074 633 4161 Langus
654 4078 748 4141 vertit
767 4077 974 4140 decantatam.
995 4076 1203 4139 Vnansros.
1247 4078 1294 4139 At
1315 4097 1387 4140 vero
1409 4077 1533 4141 disertis

501 4160 603 4226 serbis
626 4163 762 4226 narravit
786 4161 944 4225 Eusebius
967 4160 1023 4223 lib.
1039 4184 1066 4223 v.
1092 4160 1176 4223 Hist.
1197 4182 1266 4245 cap.
1285 4176 1315 4225 3.
1337 4163 1533 4228 Montanum

500 4266 574 4310 cum
590 4248 686 4310 sociis
699 4248 850 4332 opinione
864 4247 1041 4310 multorum
1056 4245 1244 4331 prophetam
1262 4246 1406 4311 habitum
1424 4250 1533 4329 luisse,

500 4332 642 4418 eoquod
658 4339 776 4411 πλεῖςαη
796 4336 842 4396 καὶ
863 4331 950 4410 iilam
967 4333 1196 4415 παραδοξοτονΐαν
1208 4340 1255 4394 τοῦ
1270 4334 1332 4395 θεία
1351 4336 1533 4419 χαρίσματος

500 4416 532 4479 in
547 4416 676 4482 diversis
697 4419 837 4483 ecclesiis
861 4432 936 4481 tunc
958 4418 1054 4480 etiarn
1076 4417 1142 4480 fieri
1163 4416 1265 4481 solitae
1288 4418 1381 4482 fidem
1399 4421 1532 4483 fecerint

499 4503 639 4589 κᾴκείνοος
653 4504 841 4590 prophetica
853 4503 956 4587 gratia
971 4501 1094 4566 donari.
1133 4502 1195 4566 Sed
1210 4517 1242 4566 et
1257 4518 1353 4567 testes
1367 4519 1441 4566 sunt
1455 4503 1532 4568 doni

497 4588 677 4673 prophetici
693 4591 730 4653 iis
743 4610 872 4676 quoque
886 4589 1084 4673 temporibus
1097 4589 1209 4652 crebro
1223 4589 1362 4651 concessi
1381 4590 1531 4669 Irenaeus,

498 4686 596 4759 atquc
609 4675 688 4739 alius
704 4690 858 4761 praterea
872 4674 1007 4760 scriptor
1026 4673 1112 4738 ortui
1133 4674 1404 4739 Montanistarum
1423 4698 1531 4761 aequa-

989 4777 1012 4823 G
1024 4769 1044 4822 4
