4092 5675
749 793 802 863 m
822 745 1043 861 sratcnnr
1066 791 1319 860 cunamen.
1482 793 1542 879 aar

524 964 600 1032 toris
613 964 713 1031 Dina
724 977 866 1052 nuptam
884 962 998 1029 altaris
1016 974 1290 1049 perpetratarum
1310 961 1494 1048 sepelivisset
1512 964 1546 1030 irs

523 1051 647 1119 dicimis
663 1052 755 1131 Deos,
771 1074 845 1140 quos
861 1050 987 1128 tulerat,
1002 1050 1044 1114 od
1059 1059 1182 1134 petram
1195 1049 1249 1113 sal
1262 1048 1400 1112 mirabili
1414 1048 1545 1113 taeba-

509 1137 588 1216 tto,
601 1160 676 1224 quse
694 1158 789 1224 resque
809 1136 842 1199 in
862 1136 941 1210 lunc
960 1134 1041 1199 diem
1056 1134 1093 1199 ol
1108 1133 1216 1199 incolis
1229 1133 1262 1198 in
1275 1133 1385 1198 honore
1401 1145 1458 1213 est,
1475 1134 1546 1198 inde
1584 1127 1592 1244 J

520 1221 674 1309 migravit
703 1221 736 1285 ia
764 1219 885 1286 Betltel.
937 1220 1060 1285 ANTE
1087 1218 1257 1284 terebinthi
1285 1218 1375 1283 istius
1403 1219 1545 1305 stipitem

521 1306 585 1372 dte.
601 1308 661 1372 &a
695 1307 749 1370 Ad
766 1328 834 1374 enm
843 1305 1002 1370 Abraham
1017 1316 1048 1369 et
1061 1303 1321 1389 Isaacsepalchro
1357 1303 1445 1369 osita
1481 1305 1546 1370 Ba-

520 1390 627 1457 adam
648 1391 740 1456 unias
759 1415 799 1456 en
816 1390 937 1477 angelis
957 1390 1084 1475 hospitio
1104 1389 1232 1474 receptis
1247 1389 1326 1453 atA
1361 1389 1463 1469 ahorn,
1482 1391 1548 1474 ejus
1592 1464 1597 1473 ⁶

491 1533 494 1538 .
520 1475 567 1541 ili
579 1499 675 1542 manu
686 1476 867 1562 plantatam
882 1476 1009 1562 quidam
1022 1497 1084 1539 esse
1098 1475 1264 1624 affirmant.
1301 1474 1443 1561 Scaliger
1456 1476 1547 1539 Afri-

519 1583 604 1628 cano
627 1559 735 1627 omnia
759 1562 932 1626 attribuens
955 1582 1099 1647 usquea
1144 1582 1254 1625 vocem
1278 1558 1370 1624 ἔνοικοι
1393 1560 1435 1625 ad
1456 1560 1479 1624 l.
1499 1574 1545 1625 14.

519 1646 634 1711 isthaec
649 1648 681 1712 in
692 1646 874 1711 Eusebionis
889 1646 953 1710 suis
968 1646 1009 1709 ad
1022 1667 1055 1731 p.
1066 1660 1115 1708 22.
1131 1646 1283 1732 reposuit,
1293 1645 1394 1709 verbis
1408 1646 1547 1725 omissis,

518 1733 557 1805 sle
569 1734 677 1814 φησὶνό
691 1731 865 1819 Ἀφρικανός.
896 1730 982 1795 Cum
993 1751 1067 1795 vero
1080 1751 1119 1794 ex
1131 1730 1282 1818 Syncello
1296 1730 1366 1795 solo
1377 1732 1547 1796 transtule-

518 1815 564 1881 rit
577 1817 648 1882 haeo
662 1818 817 1903 Scaliger,
832 1816 975 1880 Africani
989 1816 1097 1880 omnia
1109 1837 1177 1880 esse
1195 1838 1257 1879 non
1272 1829 1408 1895 constat,
1422 1817 1482 1881 etsi
1496 1838 1547 1880 res
1646 1847 1654 1874 t

518 1900 567 1967 ita
586 1901 703 1966 habere
723 1915 838 1988 potest.
881 1903 996 1966 Totam
1011 1902 1139 1988 quidem
1179 1908 1254 1985 pion
1274 1901 1303 1964 ei
1324 1900 1471 1965 fidentius
1492 1904 1548 1966 tri·

520 1987 664 2065 buerem,
678 1988 705 2051 si
726 1986 825 2051 modo
848 1986 1091 2049 Commentarius
1113 1986 1145 2049 ln
1201 2009 1378 2050 esnemeron
1398 2009 1418 2052 a
1438 1989 1548 2052 Leone

518 2071 646 2137 Allatio
661 2072 765 2137 editus
778 2071 946 2136 Eustathio
961 2071 1166 2135 Antiocheno
1180 2071 1283 2156 quarti
1298 2071 1407 2136 saeculi
1421 2072 1549 2158 praesuli

518 2156 735 2258 proculdubio
748 2170 833 2221 esset
846 2155 1084 2220 adscribendus.
1108 2158 1216 2220 Locus
1230 2156 1328 2234 enim,
1340 2178 1434 2243 quem
1450 2158 1547 2242 paulo

519 2241 603 2308 mira
617 2263 656 2305 ex
670 2264 710 2306 eo
724 2243 850 2306 Gnarus
870 2241 971 2320 affert,
985 2241 1095 2304 omnia
1113 2241 1199 2325 apud
1220 2241 1407 2327 Syncellum
1423 2241 1474 2305 hic
1488 2265 1547 2328 po-

519 2327 583 2394 sita
596 2340 720 2413 spectat
732 2326 952 2413 exprimitque.
996 2325 1058 2389 Sed
1072 2325 1188 2390 fabulae
1203 2325 1236 2389 in
1251 2326 1365 2389 eodem
1383 2348 1479 2411 opere
1492 2349 1548 2391 ex-

519 2426 626 2480 ranna
639 2426 737 2499 atque
750 2414 845 2477 etiam
861 2412 930 2496 ipsa
944 2432 1014 2496 pars
1029 2410 1084 2475 illa
1096 2410 1178 2498 ejus,
1192 2431 1231 2474 ex
1246 2432 1309 2497 qua
1326 2411 1417 2476 locus
1436 2434 1455 2474 a
1475 2414 1547 2477 Go-

519 2517 579 2563 aro
600 2497 787 2583 desumptus
807 2510 867 2575 est,
883 2496 1063 2560 universum
1085 2518 1167 2581 opus
1189 2510 1371 2581 suspectum
1394 2498 1548 2562 fecerunt.

521 2581 624 2668 Cous.
640 2583 729 2648 Cavii
744 2583 832 2647 Hist.
848 2581 916 2646 Lis.
930 2581 993 2645 vol.
1009 2581 1036 2644 I.
1054 2603 1086 2667 p.
1104 2594 1171 2645 188.
1207 2582 1290 2644 Mox
1312 2581 1411 2647 habet
1436 2582 1549 2647 Gouri-

520 2689 582 2734 stus
597 2668 758 2755 syncellus
770 2690 862 2733 voces
877 2672 924 2742 τῆς
937 2664 1091 2754 repetiisse
1105 2678 1178 2752 post
1192 2672 1206 2729 i
1218 2668 1392 2752 Ἀφρικανὸς,
1407 2668 1550 2754 Scaliger

521 2773 597 2818 roro
612 2767 685 2839 post
704 2755 736 2816 τὸ
755 2752 888 2842 πρέμνον,
902 2774 981 2840 quas
1002 2771 1066 2839 ego
1085 2751 1215 2840 quidem
1229 2774 1268 2817 ex
1281 2754 1425 2840 margine
1438 2754 1550 2841 primi-

521 2852 578 2905 tus
589 2839 751 2925 irrepsisse
765 2840 944 2924 suspicatus
958 2861 1042 2903 sum.

568 2925 602 3009 P.
615 2937 683 2989 134.
695 2925 718 2989 l.
731 2941 743 2988 l
754 2941 777 2988 Ι.
799 2924 985 3003 -ταῦτης
1000 2923 1081 3008 (scil.
1092 2929 1138 3003 τῆς
1150 2922 1332 3011 reptile-ism]
1343 2927 1444 2992 Vallis
1452 2928 1549 2993 Tere·

521 3007 628 3075 binthi
645 3009 799 3074 hactenus
819 3023 949 3075 vocatur
967 3011 1057 3075 locus
1074 3010 1138 3088 ille,
1153 3012 1329 3097 peregrinis
1352 3013 1551 3102 ierosolyma

522 3093 592 3161 voti
611 3117 707 3159 causa
728 3094 1000 3181 proficiscentibus
1023 3096 1217 3159 notissimus.
1249 3097 1333 3161 Vide
1348 3120 1419 3183 quae
1433 3099 1474 3162 ad
1491 3122 1551 3164 nu-

523 3200 651 3245 merum
675 3179 815 3245 Cononis
838 3201 1038 3245 nuoxxnr.
1061 3181 1250 3244 notavimus.
1294 3181 1456 3246 Caeterum
1479 3205 1550 3249 eam

523 3264 754 3330 Terebinthum
769 3287 850 3343 esse,
865 3265 904 3329 de
919 3287 982 3350 qua
1001 3265 1108 3350 agitur
1127 3265 1160 3328 in
1180 3264 1320 3329 editione
1340 3268 1459 3353 Septua
1485 3269 1551 3332 'nta

523 3350 644 3415 Genea.
657 3372 747 3414 xxxv.
760 3363 792 3415 4.
816 3350 921 3437 palam
942 3365 1002 3414 est.
1049 3349 1206 3414 Hebraice
1228 3365 1277 3415 est
1297 3345 1368 3429 nis,
1390 3290 1549 3438 quodidi-

522 3455 610 3500 serae
625 3436 868 3521 interpretantur
882 3434 1024 3499 Hebraei.
1054 3435 1214 3521 Peregrini
1231 3435 1486 3523 lerosolymitani
1500 3438 1551 3502 di-

507 3534 605 3586 ¹cunt
622 3543 719 3584 unam
739 3521 970 3585 Terebinthum
990 3519 1095 3585 adhuc
1119 3543 1157 3585 su
1198 3543 1282 3585 resse
1302 3522 1429 3586 duobus
1449 3525 1500 3586 M.
1514 3525 1549 3589 P.
1614 3550 1616 3555 ’

521 3605 566 3669 ab
581 3605 798 3690 ierosolymis,
812 3628 946 3692 eamque
960 3627 1029 3670 esse
1044 3605 1137 3685 hanc,
1151 3542 1197 3670 <ii
1204 3629 1267 3693 qua
1281 3628 1364 3671 nunc
1377 3608 1551 3695 loquimur.

521 3690 731 3755 Semnan.
774 3692 888 3756 Versio
903 3691 1075 3756 Billioram
1095 3692 1245 3778 Anglica,
1265 3691 1348 3756 sicut
1364 3692 1446 3771 aliae,
1468 3694 1550 3760 hanc

522 3774 669 3839 arborem
684 3797 837 3862 quercum
852 3798 921 3841 esse
934 3777 1057 3854 statuit,
1072 3798 1136 3839 non
1151 3777 1377 3854 terebinthum,
1393 3793 1429 3843 ut
1443 3780 1551 3844 Graeei

520 3871 558 3923 et
568 3861 685 3925 Latini.
712 3862 784 3925 Imo
800 3883 872 3925 vero
888 3862 1098 3948 Septuaginta
1109 3882 1219 3925 vocem
1235 3865 1294 3948 δρῦν
1307 3862 1467 3928 interdum
1481 3887 1551 3928 ver-

521 3955 642 4009 terunt.
685 3947 756 4010 Nec
782 3946 988 4033 distinguitur
1010 3945 1142 4033 quidem
1166 3946 1249 4010 inter
1271 3948 1356 4031 ipsas
1379 3949 1506 4013 arbores
1530 3973 1551 4016 a

521 4029 684 4119 nonnullis
704 4031 899 4095 auctoribus
935 4032 983 4096 At
997 4052 1071 4096 vero
1087 4032 1295 4107 terebinthus,
1309 4054 1406 4119 quam
1421 4055 1460 4098 ex
1475 4058 1549 4100 nar-

486 4136 489 4141 ·
520 4114 648 4179 mtione
662 4114 797 4180 aliorum
813 4117 921 4201 posuit
934 4115 1077 4202 Scaliger
1094 4115 1221 4182 duobus
1239 4117 1326 4181 mille
1343 4140 1494 4204 passuum
1509 4122 1551 4186 ab
1632 4148 1636 4153 ·

497 4199 762 4288 'Hierosolymis
788 4201 968 4278 distantem,
994 4200 1116 4265 diversa
1138 4203 1262 4267 videtur
1286 4203 1384 4268 fuisse
1408 4227 1428 4268 a
1452 4207 1551 4291 patri·

522 4285 691 4351 archarum
705 4287 817 4351 arbore
831 4286 1011 4351 terebintho
1049 4308 1126 4372 rope
1141 4289 1286 4365 Hebron,
1297 4287 1338 4352 de
1352 4311 1415 4376 qua
1428 4291 1472 4354 ita
1486 4294 1553 4357 Eu·

522 4370 633 4437 sebius
648 4371 681 4434 in
700 4371 891 4436 Orsomcstico
907 4373 958 4435 De
974 4308 1048 4435 Uri
1060 4383 1090 4435 et
1104 4372 1217 4435 lacis.-
1237 4372 1322 4436 Arlo
1336 4374 1399 4438 sive
1414 4375 1550 4456 Hebron,

521 4455 639 4543 inquit,
653 4459 706 4520 ἀπὸ
721 4456 822 4531 Atrius
839 4456 1101 4543 (Hierosolymae)
1115 4460 1140 4518 ἒν
1154 4457 1231 4543 νότῳ,
1246 4459 1362 4530 διες-ὦσα
1377 4460 1495 4540 σημείοις
1508 4461 1550 4539 β’.

521 4543 598 4626 πρὸς
617 4539 728 4623 εἴκοσιν,
742 4549 757 4619 ἡ
771 4544 831 4629 δρῦς
848 4539 981 4626 Ἀδρανὶμ
1003 4541 1049 4620 καὶ
1066 4544 1097 4604 τὸ
1115 4547 1210 4623 μνῆμα
1226 4547 1326 4606 adradi
1336 4548 1487 4631 Stageira„
1503 4549 1551 4610 ael

509 4627 705 4713 -θςησκεόνταν
724 4631 854 4707 ἐπιφανῶς
874 4629 916 4690 tir'
940 4632 1048 4712 ἐχθρῶν
1062 4626 1105 4708 ’(Ι.
1127 4632 1219 4708 ἐθνῶν)
1241 4627 1435 4714 inpiger-305,
1449 4630 1489 4695 ὅτι
1509 4636 1552 4696 ὑπ’

521 4715 609 4790 αὐτῆς
620 4712 710 4795 ariter
723 4717 762 4798 τῷ
775 4711 909 4797 Ἀὅρανὶμ
921 4710 1119 4791 ariarathes
1130 4717 1154 4776 ol
1166 4711 1287 4798 ἄγίελνν.
1301 4735 1336 4800 p.
1347 4728 1398 4779 21.
1413 4715 1465 4781 ed.
1477 4717 1553 4785 Cle·
