4092 5675
604 765 648 832 90
940 741 1299 812 ANNOTATIONES

607 915 703 986 Vinus
716 913 843 1004 qnidam
856 937 918 980 esse
930 916 1044 982 dicitnr
1057 919 1140 1003 opud
1151 918 1325 1007 Phrygiam
1336 913 1457 1004 Mysiae
1468 914 1643 998 civitatem,

602 1003 809 1089 ineptissime.
852 1003 925 1067 Nec
945 1004 1061 1067 melius
1086 1006 1257 1069 Musculus
1272 1018 1305 1069 et
1322 1002 1643 1089 christophorsonus

602 1090 851 1188 interpretantur
866 1089 950 1173 apud
963 1091 1005 1153 M
1028 1088 1107 1153 siam
1120 1090 1197 1153 Phra
1207 1090 1283 1177 giae.
1360 1088 1416 1154 uid
1433 1090 1531 1167 enim,
1547 1111 1643 1155 ama·

602 1175 659 1254 bo,
676 1175 736 1238 srbi
758 1175 825 1238 vult
845 1175 955 1262 Mysia
978 1111 1149 1324 Phrygias?
1213 1176 1308 1262 uplex
1330 1198 1350 1239 o
1364 1175 1408 1239 im
1430 1175 1492 1238 fuit
1514 1175 1643 1277 Mysia,

602 1260 687 1324 sicut
706 1273 739 1323 et
761 1261 909 1348 Phrygia,
931 1275 1014 1325 teste
1061 1262 1194 1325 trahone
1215 1261 1248 1325 in
1270 1261 1326 1325 lib.
1340 1261 1394 1324 xii.
1430 1260 1506 1324 Alia
1522 1281 1643 1412 maypr,

603 1368 701 1432 quam
717 1346 932 1433 Olympenem
947 1361 1039 1411 vocat
1058 1348 1185 1426 Strabo,
1199 1347 1261 1411 alia
1274 1347 1390 1426 minor,
1403 1369 1499 1432 quam
1522 1348 1577 1411 He
1603 1370 1640 1412 e·

602 1433 763 1517 spontiam
777 1448 870 1497 vocat
887 1434 1089 1497 Ptolemaeus.
1121 1435 1268 1518 Utraque
1283 1454 1380 1519 porro
1395 1432 1543 1519 Phrygiae
1559 1455 1643 1498 con·

602 1520 740 1582 termina
754 1518 826 1582 fuit.
849 1519 934 1583 unde
955 1533 1065 1583 natum
1082 1520 1284 1603 proverbium
1301 1518 1387 1604 apud
1402 1519 1535 1582 Graecos
1546 1521 1642 1605 χωρὶς

600 1607 640 1667 τὰ
657 1610 775 1667 Μυσῶν.
820 1605 894 1668 Fuit
907 1618 941 1668 et
955 1604 1054 1668 altera
1068 1604 1177 1691 Mysia
1191 1605 1223 1667 in
1239 1607 1380 1690 Europa,
1396 1603 1540 1668 Thraciae
1557 1626 1641 1669 con·

601 1690 734 1766 tributa,
751 1712 849 1775 quam
863 1690 969 1754 Latini
985 1690 1117 1775 quidem
1132 1689 1285 1753 Moesiam
1298 1702 1421 1766 vocant,
1440 1689 1546 1754 Graeci
1562 1713 1641 1756 vero

601 1797 729 1860 semper
744 1776 869 1838 Μυσίαν.
907 1776 960 1839 Ad
976 1775 1072 1864 hujus
1086 1796 1166 1861 ergo
1180 1775 1429 1850 distinctionem,
1443 1781 1458 1852 ἦ
1472 1780 1547 1839 κατὰ
1559 1780 1642 1864 Φρο-

601 1860 668 1945 γίαν
692 1861 795 1923 Μυσία
820 1861 874 1924 hic
899 1860 1015 1925 dicitur
1040 1863 1150 1948 Mysia
1177 1860 1324 1948 Phrygiae
1347 1860 1556 1940 contermina,
1580 1883 1641 1927 seu

602 1946 756 2010 Asiatica.
784 1948 882 2010 Porro
896 1947 983 2011 vicus
998 1949 1057 2011 iste
1072 1948 1103 2010 in
1118 1946 1230 2011 codice
1245 1950 1335 2010 Maz.
1350 1946 1467 2010 dicitur
1479 1946 1640 2032 Ἀρδαέᾶθ.

600 2031 809 2096 vicanus.
842 2033 1047 2097 Proverbium
1063 2034 1213 2096 Graecum
1230 2033 1296 2095 fere
1312 2032 1361 2097 his
1376 2033 1478 2097 verbis
1493 2034 1641 2120 concipi-

600 2129 667 2197 tur,
682 2119 774 2202 Xopl5
787 2122 825 2181 rol
842 2121 961 2205 Φρυγῶν
982 2117 1028 2194 καί
1047 2124 1154 2182 Μυσῶν
1172 2118 1321 2205 ὁρίσματα.
1358 2118 1515 2203 Exposuit
1528 2119 1638 2186 Mich.

602 2203 794 2289 Apostolius
810 2205 851 2267 inl
865 2210 918 2267 τῶν
931 2204 1067 2267 ἐναντίων.
1103 2204 1289 2268 Eustathius
1304 2204 1345 2268 ad
1364 2204 1515 2292 Dionysii
1530 2205 1642 2270 Perie-

501 2311 504 2316 '
600 2289 689 2376 gasin
703 2312 783 2354 vero.
796 2303 864 2369 809.
888 2289 943 2353 ἱίτω
958 2288 985 2353 δέ
1001 2309 1069 2371 φασι
1085 2291 1214 2377 δύσεργον
1232 2290 1308 2367 cleas,
1322 2289 1435 2376 displosa
1455 2289 1570 2365 Μύσους
1589 2292 1639 2354 nal

601 2376 731 2460 Φρύγας,
746 2378 834 2439 διὰτὸ
847 2377 990 2463 ἀδιάφορον
1004 2382 1052 2453 τῆς
1066 2378 1204 2454 οἰκήσεως,
1219 2375 1272 2449 dra
1285 2376 1369 2461 τάχα
1382 2376 1403 2461 ’h
1417 2379 1465 2454 τὴν
1478 2377 1639 2464 παροιμίαν

603 2461 724 2526 incidas
738 2463 885 2525 διεκπεσεῖν
898 2467 945 2539 τὴν
959 2461 1099 2547 λέγεσαν,
1112 2461 1200 2571 πίρῥω
1215 2466 1252 2525 τὰ
1266 2467 1373 2567 Moerin
1387 2463 1408 2570 {h
1423 2465 1543 2611 Φςνῖνῑνν
1558 2462 1639 2562 spic.

600 2548 1639 2729 stt·0¹'s².ll,l‘.¹·1lst¹slstlltttztt‘tltl‘sttll:

601 2717 685 2780 rium
700 2717 843 2781 editiones
866 2717 971 2802 steph.
995 2718 1171 2805 Margines.
1193 2732 1227 2781 et
1247 2718 1348 2782 Codex
1365 2718 1442 2781 MS.
1463 2717 1554 2782 Bodl.
1577 2741 1639 2784 seu

603 2801 701 2868 Saoil.
727 2804 763 2866 ‘A
780 2802 853 2867 δαέοὶ
867 2824 982 2867 nomen
999 2804 1147 2868 scribitur
1159 2826 1178 2867 a
1188 2803 1359 2888 Morphoro
1373 2804 1430 2868 lib.
1445 2803 1485 2868 iv.
1500 2825 1572 2904 cap.
1585 2819 1636 2871 22.

645 2890 680 2952 P.
693 2903 743 2963 75.
759 2829 782 2953 ί.
796 2896 826 2953 6.
849 2894 925 2953 κατὰ
938 2889 1058 2975 Γράτον]
1077 2890 1129 2953 De
1145 2891 1416 2955 Montanistarum
1426 2903 1506 2973 ortu
1520 2890 1651 2956 videsis.

601 2975 750 3062 quaedam
763 2975 845 3038 infra
860 2974 900 3039 ad
914 2997 988 3060 pag.
1000 2987 1050 3053 97.
1073 2983 1185 3062 πρῶτον
1199 2996 1259 3061 pro
1273 2976 1395 3063 πρώτας
1409 2972 1486 3039 MS.
1501 2976 1597 3063 Norf.

645 3060 728 3125 Ibld.
743 3061 765 3123 l.
782 3075 828 3124 ll.
849 3066 925 3147 nupsi
940 3064 971 3123 rh
986 3065 1062 3123 aurai
1076 3061 1224 3145 trapitionta
1240 3062 1261 3147 si,
1276 3066 1352 3125 narsi
1366 3063 1507 3146 διαδοχὴν]
1525 3062 1638 3126 Verbu

600 3144 634 3210 in
655 3158 839 3233 sequentem
862 3145 996 3210 modum
1014 3147 1084 3211 vult
1102 3147 1299 3232 interpretari
1319 3147 1581 3212 cl.Moshe1nius
1600 3148 1636 3212 in

601 3232 770 3296 Comment.
792 3233 844 3296 De
865 3231 964 3297 Rehns
987 3231 1233 3296 Christiano-rum
1253 3243 1325 3296 onte
1345 3233 1503 3297 Constant.
1519 3234 1572 3296 M.
1595 3256 1637 3298 ea

499 3346 502 3353 ·
600 3319 699 3396 enim,
721 3318 776 3398 ait,
797 3319 880 3383 viros
905 3319 1018 3383 doctos
1043 3340 1112 3383 sese
1138 3318 1315 3404 intelligere
1340 3340 1477 3405 negare:
1506 3324 1528 3357 “
1541 3319 1636 3383 Dicit

599 3406 774 3490 “scriptor
800 3405 949 3491 antiquus
977 3406 1172 3468 Montanum
1201 3427 1249 3468 res
1267 3405 1402 3490 futuros
1427 3402 1636 3469 vaticinatum

600 3495 623 3528 ‘⁶
638 3512 699 3563 csse
720 3494 805 3576 παρὰ
826 3493 858 3553 rh
881 3495 956 3553 narsi
978 3490 1136 3577 exagitans
1157 3490 1204 3551 καὶ
1227 3494 1303 3551 κατὰ
1322 3492 1449 3574 διαδοχὴν
1468 3488 1571 3553 ἄνωθεν
1585 3496 1636 3568 τῆς

600 3579 623 3612 “
639 3575 788 3650 ἐκκλησίας
803 3574 872 3649 ἔθος.
893 3585 1011 3658 praeter
1032 3597 1145 3638 morans
1165 3585 1258 3660 utque
1272 3574 1449 3638 institutum
1463 3574 1600 3640 ecclcsiae
1614 3598 1637 3640 a

600 3665 624 3698 “
638 3659 805 3744 majoribus
820 3659 972 3723 traditum
989 3669 1020 3722 et
1038 3659 1182 3722 continno
1201 3659 1339 3744 deinceps
1358 3660 1541 3724 successione
1558 3659 1636 3744 pro'·

600 3751 623 3785 “
633 3757 798 3833 pugnatam.
834 3745 943 3810 Veteri
968 3745 1119 3808 nimirum
1144 3758 1177 3808 et
1199 3758 1353 3830 perpetuo
1376 3746 1520 3809 ecclcsiae
1541 3768 1636 3811 more

600 3837 623 3870 “
639 3831 684 3895 sic
706 3843 927 3915 comparatum
950 3843 1030 3906 orat,
1053 3845 1088 3894 ut
1113 3853 1185 3916 quae
1214 3830 1360 3894 invidiam
1383 3831 1572 3895 Christianis
1601 3845 1636 3897 et

600 3917 779 4002 “pericula
799 3937 909 4001 parere
931 3928 1078 4001 poterant
1097 3915 1250 4000 dogmata
1270 3929 1303 3979 ct
1324 3916 1462 3995 oracula,
1479 3916 1519 3980 de
1533 3918 1635 3981 Anti-

599 4006 622 4039 “
638 4003 758 4066 christo
773 4002 934 4079 nimirum,
952 4002 992 4065 de
1014 4003 1149 4065 Romani
1170 4002 1256 4065 orbis
1277 4002 1412 4078 excidio,
1431 4001 1471 4065 de
1490 4004 1582 4066 malis
1601 4015 1636 4068 et

600 4087 875 4151 “calamitatibus
903 4083 1153 4164 imminentibus
1178 4101 1271 4151 caute
1301 4087 1547 4165 occultarentur,
1573 4110 1635 4152 nec

600 4177 624 4209 “
639 4172 767 4257 publice
782 4173 1070 4257 pronuntiarentur.
1105 4174 1204 4235 Istam
1218 4173 1481 4238 consuetudinem
1498 4175 1635 4238 Monta·

601 4262 699 4320 “nus
722 4256 897 4335 deserebat,
913 4273 1009 4344 atque
1031 4280 1068 4321 ea
1090 4273 1162 4344 quae
1181 4259 1213 4321 in
1236 4280 1365 4322 arcanas
1383 4280 1475 4322 aures
1497 4259 1635 4321 dicenda

599 4347 623 4381 “
637 4355 738 4421 erant,
761 4341 793 4405 in
815 4342 930 4429 vulgus
952 4344 1113 4407 efferebat.
1159 4345 1320 4422 Montani,
1343 4344 1546 4429 praeceptoris
1571 4346 1634 4421 sui,

601 4426 942 4512 “periculosissimum
971 4428 1153 4514 exemplum
1184 4428 1378 4493 mulierculae
1414 4429 1633 4507 imitabantur,

601 4519 624 4553 “
639 4536 712 4598 quae
728 4513 870 4599 partibus
886 4513 953 4600 ejus
970 4536 1038 4577 sese
1053 4513 1271 4600 adjunxerant.
1309 4515 1503 4578 l‘raedicebat
1518 4522 1632 4600 nempe

601 4604 623 4637 “
640 4598 828 4677 Maximilla,
844 4601 977 4679 πολέμους
999 4602 1047 4663 καὶ
1065 4599 1275 4677 ἀκαταςαοίας,
1292 4599 1372 4663 hello
1386 4611 1416 4663 et
1432 4597 1584 4663 tumultus
1600 4602 1632 4663 in

599 4687 622 4722 ‘⁶
636 4683 770 4769 irnperio
787 4686 940 4751 Romano.
965 4685 1136 4766 (Eusebius
1153 4685 1234 4750 infra
1247 4707 1279 4771 p.
1295 4693 1356 4766 80.)
1374 4700 1470 4769 atque
1492 4706 1525 4748 se
1544 4707 1633 4749 mor-
