4092 5675
509 785 573 875 agl
842 773 1203 848 ANNOTATIONES

507 958 576 1044 μηδὲ
589 956 651 1029 τοὺς
663 980 693 1019 cr
709 952 792 1030 ὤτους
811 953 997 1038 φυτεύσαντας
1015 961 1069 1017 τῶν
1091 953 1194 1018 οἰκείων
1213 953 1391 1041 σπερμάτων.
1409 955 1411 960 ’
1435 953 1562 1023 Docet

506 1054 661 1130 praeterea
685 981 828 1126 §caliger
854 1039 1021 1105 Auimudn.
1049 1040 1083 1102 ia
1110 1040 1197 1105 idem
1223 1037 1351 1105 Euselii
1374 1040 1547 1108 chronicus

506 1149 541 1215 p.
552 1140 583 1192 4.
598 1127 678 1191 duas
698 1126 730 1190 in
752 1138 858 1213 partes
873 1126 1009 1191 divisum
1024 1126 1122 1191 fuisse
1138 1124 1282 1191 Africani
1295 1148 1391 1213 opus,
1402 1150 1546 1216 *quarum

505 1213 668 1301 posterior
679 1212 794 1276 Canon
809 1211 969 1299 appellata
981 1224 1031 1276 est
1036 1236 1046 1290 ;
1063 1225 1107 1291 et,
1123 1211 1211 1300 quod
1225 1225 1333 1276 tamen
1348 1214 1459 1277 minus
1475 1237 1544 1279 cer÷

506 1313 580 1364 tum
595 1313 655 1378 est,
669 1298 830 1385 duplicem
854 1296 998 1385 ejusdem
1019 1296 1118 1363 fuisse
1134 1298 1309 1362 editionem
1324 1298 1366 1363 ab
1381 1298 1456 1384 ipso
1471 1321 1545 1365 auc·

506 1395 580 1450 tore
596 1384 786 1471 profectam.
827 1384 904 1449 Vid.
928 1394 962 1447 et
986 1383 1086 1447 Notus
1109 1383 1179 1470 ejus
1204 1382 1237 1447 iu
1262 1383 1377 1447 Graeca
1402 1386 1543 1465 Eusebii,

506 1470 570 1535 sub
583 1471 653 1535 init.
697 1469 762 1535 Sed
778 1469 818 1535 de
834 1469 883 1534 his
898 1468 992 1534 rebus
1013 1482 1127 1554 postea
1142 1469 1183 1534 ad
1200 1469 1282 1547 loca,
1298 1470 1419 1556 quibus
1433 1470 1543 1536 nititur

506 1556 621 1643 opinio
644 1555 810 1642 Scaligeri.
847 1554 925 1620 Vid.
942 1556 1045 1618 Num.
1060 1576 1195 1620 xxxvr.
1211 1569 1244 1619 et
1258 1556 1360 1620 Num.
1377 1577 1437 1620 ιι.
1450 1556 1493 1620 ad
1507 1558 1542 1621 fi-

506 1663 582 1706 nem
597 1643 767 1729 Dynastiae
784 1662 829 1705 11.
871 1640 1021 1726 Denique
1043 1640 1084 1704 de
1104 1641 1167 1705 alia
1188 1662 1222 1705 re
1266 1642 1351 1705 aucis
1371 1654 1416 1720 te,
1432 1642 1543 1724 lector,

504 1726 669 1792 morabor.
702 1728 733 1792 O
776 1748 808 1791 re
825 1748 900 1790 meo
913 1726 955 1790 ad
967 1725 1156 1791 Africanum
1171 1661 1266 1813 quod
1272 1726 1400 1805 attinet,
1436 1747 1562 1793 torsus.

502 1812 610 1891 finito,
623 1834 732 1877 nonnu
746 1814 777 1877 la
790 1813 1043 1899 fragmentorum
1056 1811 1192 1901 hujusce
1204 1811 1359 1877 Chrom'ci
1372 1749 1544 1878 collectae

505 1897 681 1963 Gallandio
702 1898 801 1963 fuisse
822 1898 855 1962 in
876 1912 968 1963 tomo
989 1897 1193 1963 Bibliothecae
1214 1920 1281 1962 suae
1300 1900 1369 1963 ΡΡ.
1393 1899 1543 1965 Secundo

505 1983 624 2049 inveni.
668 1982 753 2049 Cum
766 2005 841 2049 vero
856 1984 937 2049 nihil
948 1983 1017 2070 ipse
1031 1984 1278 2049 mendosissimo
1290 1983 1394 2049 textui
1408 1998 1543 2051 annoti*

500 2068 604 2134 tionis
618 2069 786 2149 addiderit,
801 2083 927 2135 tautum
949 2082 1041 2134 notas
1063 2070 1187 2157 aliquot
1201 2069 1301 2134 Goari
1315 2069 1348 2133 in
1363 2063 1543 2156 syncellum

505 2167 607 2243 atquc
618 2156 732 2244 Vigeri
749 2156 782 2220 in
802 2154 931 2220 Euselii
944 2158 1052 2241 Proep.
1067 2157 1194 2244 Evang.
1214 2154 1399 2243 subjecerit,
1420 2155 1542 2224 dictum

505 2254 558 2306 sat
577 2241 649 2321 erit,
669 2242 697 2306 si
717 2242 835 2321 omnia,
849 2259 922 2329 quae
943 2241 1088 2328 collegit,
1105 2244 1267 2329 Excerpta
1286 2243 1541 2307 memoraverim.

505 2328 591 2391 Sunt
611 2340 719 2392 autem
741 2328 919 2393 secundum
943 2349 1094 2393 numeros
1116 2349 1217 2408 meos,
1233 2328 1319 2390 Exce
1360 2335 1542 2408 t.v1,v'11,

507 2433 599 2491 vm,
625 2435 680 2493 rx,
709 2434 800 2493 xm,
826 2434 927 2492 xvn,
956 2432 1074 2493 xv111,
1102 2432 1310 2494 xx1,xx11,
1364 2434 1399 2479 re
1425 2426 1542 2497 totum,

508 2518 940 2581 xxxv1,xxxv11,xm,
957 2521 990 2578 n,
1007 2520 1068 2564 ev.

874 2782 1174 2813 num·-

1009 3006 1037 3073 Ι.

494 3238 498 3245 ,
549 3178 583 3248 Ρ.
601 3192 666 3247 124.
681 3181 704 3248 l.
715 3196 745 3247 4.
766 3184 824 3260 Τὴν
843 3179 957 3266 πρώτην
977 3180 1215 3264 ἡμέραν-νοητὴν
1235 3181 1324 3264 λέγει,
1338 3183 1384 3246 tut
1397 3183 1432 3249 ri
1445 3186 1504 3250 ἆδνο
1523 3215 1538 3236 ·

503 3269 618 3355 *surim
632 3269 697 3348 rivas
713 3268 788 3355 bec]
804 3267 957 3332 Ediderat
975 3266 1118 3351 Scaliger
1131 3266 1165 3330 in
1178 3266 1347 3332 Animadv.
1364 3269 1398 3332 in
1412 3210 1539 3336 Euselii

506 3355 621 3421 Clzrml.
642 3356 684 3419 ad
704 3377 737 3442 p.
756 3369 803 3418 10.
826 3361 847 3416 οἱ
869 3356 1077 3437 ὃνοργαννῶῆναν
1094 3373 1154 3437 pro
1173 3353 1362 3437 ἀδιοργανῖςον
1376 3354 1461 3434 εἶναι..
1498 3359 1540 3420 Et

503 3441 582 3506 MS.
591 3442 646 3506 ille
655 3440 821 3506 Parisinus
830 3439 862 3503 in
873 3439 1010 3524 gratiam
1023 3459 1128 3501 meam
1140 3437 1289 3518 collatus,
1302 3461 1399 3525 quem
1412 3442 1539 3506 Gnarus
1553 3492 1555 3497 .

503 3526 538 3590 in
558 3527 683 3591 edendo
704 3525 855 3613 Synccllo
878 3523 1063 3588 adhibuisse
1086 3521 1213 3603 dicitur,
1236 3525 1264 3587 α’
1283 3527 1454 3610 διοργανίςον
1476 3527 1539 3608 sirus

502 3611 613 3676 habet.
656 3613 720 3677 Sed
733 3612 864 3675 alteram
885 3609 1058 3673 lectionem
1075 3609 1249 3673 Goarinam
1265 3611 1423 3676 firmatam
1438 3635 1459 3678 a
1475 3613 1538 3677 Ce-

501 3697 603 3762 dreno
616 3697 720 3776 vide0,
734 3697 789 3783 qui
809 3696 841 3759 in
860 3695 1012 3760 Historiae
1029 3695 1209 3780 Compendio
1224 3696 1332 3760 locum
1350 3696 1485 3763 inseruit
1499 3699 1539 3766 ad

419 3852 424 3856 ,
501 3804 579 3871 pag.
589 3799 620 3848 3.
636 3784 688 3847 ed.
702 3785 772 3846 Par.
788 3782 843 3845 ubi
858 3795 964 3846 tamen
979 3781 1149 3866 ἀδιάγνωςον
1163 3782 1320 3846 scribitur.
1352 3783 1539 3849 Luminaria

500 3883 611 3934 autem
624 3868 778 3946 coelestia,
793 3882 830 3932 ut
844 3890 883 3932 ex
896 3866 1053 3952 principio
1071 3867 1198 3930 Genesis
1211 3880 1350 3945 constat,
1363 3883 1438 3933 ante
1452 3870 1538 3935 diem

501 3969 653 4041 quartum
675 3958 740 4018 nbn
761 3955 846 4019 facta
867 3967 960 4032 sunt3
983 3953 1038 4016 lux
1060 3974 1134 4016 vero
1156 3953 1347 4038 primigenia
1366 3954 1538 4040 indigesta,

500 4041 639 4105 necdum
653 4041 798 4117 collecta,
814 4039 930 4103 extitit.
965 4045 987 4077 “
1002 4039 1062 4101 Per
1076 4040 1202 4118 inane,”
1214 4039 1260 4102 ait
1273 4039 1401 4104 Goarus
1417 4040 1450 4104 in
1464 4043 1536 4106 No-

500 4126 554 4204 tis,
569 4126 719 4189 “diffusa
741 4140 775 4189 et
796 4138 926 4189 extensa
935 4123 1119 4209 (κεχυμένη),
1133 4147 1196 4187 non
1212 4146 1250 4188 ex
1267 4124 1376 4188 lucido
1389 4147 1537 4212 corpore,

500 4217 524 4250 “
540 4210 608 4274 sole
630 4226 710 4296 puta
729 4211 776 4274 vel
793 4210 902 4288 stellis,
916 4222 1071 4296 tanquam
1093 4232 1112 4273 a
1130 4210 1260 4294 proprio
1276 4211 1365 4273 fonte
1380 4212 1536 4277 micans-'²

498 4296 625 4360 Similia
649 4296 688 4359 de
710 4297 901 4381 primigenia
923 4296 984 4359 hac
1004 4295 1078 4359 luce
1100 4296 1289 4359 disserentes
1311 4296 1433 4361 multos
1457 4297 1537 4363 alios

499 4381 632 4446 adduxit
647 4394 753 4466 patres
766 4384 799 4446 in
812 4381 918 4466 Epist.
931 4403 988 4445 sua
998 4381 1059 4444 xiv.
1074 4403 1106 4466 p.
1115 4395 1165 4445 40.
1178 4397 1210 4445 et
1225 4380 1386 4465 deinceps,
1401 4382 1536 4468 Glycas,

499 4490 596 4552 quam
609 4467 739 4555 quidem
752 4468 921 4555 epistolam
935 4489 999 4530 una
1013 4487 1088 4530 cum
1103 4468 1204 4531 tribus
1216 4466 1286 4530 aliis
1297 4467 1420 4551 primus
1435 4467 1539 4533 edidit

494 4553 669 4619 Florentiae
687 4576 771 4617 anno
789 4568 877 4629 1785.
901 4555 952 4616 Fr.
968 4554 1130 4617 Fontanus
1147 4553 1180 4616 in
1197 4566 1287 4616 tomo
1304 4554 1332 4615 I.
1349 4552 1430 4616 Noc.
1447 4553 1537 4617 Eru-

498 4638 635 4703 ditorum
649 4638 855 4703 Deliciarum.
889 4638 974 4704 Vide
992 4649 1026 4701 et
1041 4639 1198 4703 Grabium
1216 4637 1325 4722 Spicil.
1339 4640 1409 4702 ΡΡ.
1424 4639 1487 4703 vol.
1502 4638 1537 4703 ii.

496 4744 531 4811 p.
543 4737 611 4793 202.
629 4725 774 4812 ejusdem
789 4725 905 4813 Glycae
919 4721 1059 4791 Annales
1079 4725 1284 4810 excitantem.
1328 4724 1456 4797 Interea
1476 4749 1537 4802 νον·
