4092 5675
496 1003 593 1128 s
633 985 1050 1127 caesonius
1090 1023 1409 1127 uuocms
1482 1141 1484 1146 .

532 1450 570 1528 s
589 1393 869 1546 Hamus,
888 1450 972 1530 Lu.
989 1420 1054 1528 m
1074 1453 1181 1530 tora
1198 1409 1421 1567 ratarum,

790 1604 869 1678 cap.
882 1577 956 1652 lxv.
978 1602 1060 1678 pag.
1078 1576 1160 1653 146.

480 1694 815 1822 ΓΗΕΟΒΟΒΗΒ,
831 1728 902 1836 'qui
924 1742 1051 1830 postea
1071 1730 1269 1829 Gregorius
1293 1730 1494 1830 appellatus

480 1866 522 1947 st,
548 1847 799 1928 Neocaesareae
824 1831 933 1927 Ponti
958 1852 1161 1959 episcopua,
1187 1852 1387 1927 admodum
1409 1852 1496 1926 ado-

480 2004 607 2071 uaens,
623 1980 671 2053 ob
690 1978 811 2053 studia
828 1978 1042 2053 Graecarum
1059 1990 1098 2052 et
1122 1976 1340 2060 Latinarum
1358 1973 1496 2053 littera'·

480 2113 550 2195 utar,
568 2102 615 2175 de
633 2101 865 2203 Cappadocia
883 2100 1102 2201 ²Berytum,
1119 2114 1157 2175 et
1181 2100 1268 2175 inde
1290 2101 1494 2184 Caesaream

480 2227 662 2301 'alaestinae
684 2227 842 2315 transiit,
860 2226 993 2323 juncto
1017 2225 1086 2299 sibi
1112 2225 1222 2299 fratre
1244 2223 1494 2298 Athenodoro.

480 2353 623 2434 luorum
648 2352 735 2425 cum
756 2351 939 2451 egregiam
956 2349 1119 2424 indolem
1135 2333 1288 2424 vidisset
1305 2349 1495 2446 Origenes,

480 2485 618 2564 ortatus
636 2486 691 2548 est
708 2501 770 2548 eos
786 2473 854 2550 bad
872 2472 1156 2575 philosophiam,
1172 2473 1211 2547 in
1228 2498 1301 2572 qua
1316 2470 1494 2574 paulatim

480 2596 592 2676 fhristi
618 2597 730 2700 fidem
756 2597 1074 2703 subintroducens,
1093 2597 1149 2700 sui
1167 2622 1319 2695 quoque
1341 2607 1495 2669 sectato-

480 2746 508 2795 rs
533 2720 705 2796 reddidit.
757 2700 1051 2819 Quinquennis>
1074 2721 1200 2821 itaque
1222 2720 1355 2795 eruditi
1381 2722 1494 2794 abeo

480 2844 692 2918 amittuntur
708 2845 754 2919 ad
771 2857 926 2921 matrem
943 2845 984 2941 (f.
1002 2846 1159 2946 patriam
1170 2860 1257 2946 post
1271 2845 1455 2942 Suidum);
1467 2828 1494 2918 'e

480 2967 585 3043 uibus
610 2965 826 3043 Theodorus
852 2970 1099 3070 proficiscens,
1123 2969 1349 3070 dvavnyupalv
1372 2972 1495 3067 εὔχαρι-

480 3095 512 3171 'us
533 3093 678 3195 scripsit
700 3092 877 3194 Origeni:
904 3105 941 3168 et
958 3103 1155 3168 convocatu
1177 3090 1306 3192 grandi
1323 3091 1494 3190 frequen-

480 3241 512 3308 a,
539 3216 619 3317 ipso
645 3243 791 3317 quoque
818 3218 979 3318 Origene
1007 3228 1200 3316 praesente,
1225 3213 1402 3305 recitavit,
1428 3213 1492 3311 qui

480 3365 567 3438 sque
589 3341 700 3415 hodie
722 3355 853 3417 exstat.
904 3339 1059 3439 Scripsit
1074 3350 1136 3412 eet
1151 3340 1335 3434 μετέφρασιν
1358 3337 1397 3410 in
1419 3335 1493 3412 Ec·

480 3465 640 3540 ‚esiasten
666 3467 814 3542 brevem
840 3466 1003 3564 quidem,
1029 3464 1093 3539 sed
1117 3462 1222 3539 valde
1246 3461 1387 3536 utilem.
1440 3461 1492 3575 Et

480 3587 528 3664 {iac
553 3590 663 3688 hujus
679 3593 790 3692 vulgo
805 3592 973 3666 feruntur
993 3589 1203 3691 ‘Epistola
1222 3588 1284 3662 sed
1306 3588 1491 3688 praecipue

480 3738 554 3812 gna
582 3726 692 3813 atque
720 3714 933 3806 &miracula
964 3740 1047 3814 quae
1074 3714 1154 3811 jam
1182 3712 1373 3813 episcopus
1402 3738 1489 3785 cum

480 3837 565 3911 tulta
581 3840 815 3919 ecclesiarum
832 3840 947 3940 gloria
962 3837 1195 3940 perpetravit.

486 4045 499 4074 ¹
519 4037 600 4095 Idem
615 4039 650 4097 de
664 4040 807 4116 Gregorio
822 4041 955 4098 Socrates
968 4041 1005 4097 iv.
1020 4036 1069 4100 27.
1088 4043 1118 4098 la
1130 4039 1166 4118 aqi
1185 4040 1285 4119 Bnprlrp
1304 4041 1392 4113 νόμους
1409 4038 1488 4112 ἐμάν·

480 4167 519 4201 m.
534 4218 538 4237 1
551 4144 608 4201 Sed
621 4145 778 4221 Gregorius
794 4147 854 4224 ipse
868 4148 899 4205 in
914 4146 1104 4203 eucharistico
1118 4146 1154 4202 ad
1168 4144 1325 4221 Origenem
1338 4164 1404 4223 pag.
1421 4145 1486 4203 186.

480 4268 505 4328 q.
519 4251 601 4307 testis
619 4247 748 4330 locuples
770 4262 815 4309 est
833 4253 984 4330 Emptum,
999 4272 1058 4328 qno
1075 4251 1172 4327 legum
1186 4250 1274 4308 Rom.
1288 4251 1485 4308 discendarum

481 4373 547 4412 ussa
559 4357 712 4424 tendebat,
720 4360 892 4436 praeteriisse
906 4379 936 4416 se
945 4359 1082 4433 origenis
1097 4359 1201 4433 gratia,
1216 4368 1246 4414 et
1260 4358 1420 4414 Caesaream
1434 4355 1485 4412 ad·
1540 4355 1543 4359 ’

480 4458 565 4519 lasse.
608 4462 654 4519 De
672 4464 782 4541 Beryto
802 4465 959 4522 Phoeniciae
979 4465 1060 4531 urbe,
1080 4463 1185 4520 celebri
1206 4462 1276 4520 olim
1292 4460 1484 4540 jurisconsul-

480 4585 542 4622 rum
559 4568 715 4636 academia,
731 4571 873 4626 cruditum
890 4589 981 4646 nuper
1001 4569 1106 4625 librum
1125 4570 1155 4626 in
1177 4567 1270 4624 lucem
1290 4566 1379 4623 edidit
1395 4565 1484 4624 Jaco-

480 4691 497 4732 u
512 4673 636 4732 Hasaeus
650 4675 766 4735 Ductor
781 4677 945 4738 Bremensis
960 4677 1111 4753 Gymnasii
1128 4675 1372 4758 preclarissimus,
1387 4674 1486 4759 quide

929 4793 949 4836 r
962 4772 980 4837 f
987 4786 1007 4836 2
