4092 5675
615 719 617 723 ’
669 721 723 796 m
748 715 983 795 smenon
1004 717 1368 796 innocuumn.
1478 745 1543 818 ⁵19

497 893 716 979 adstruxisset,
731 921 805 987 quae
822 922 896 966 mox
914 899 1054 978 dicturus
1075 911 1156 980 erut,
1178 900 1329 988 propositi
1351 902 1399 967 sui
1420 924 1542 967 sensum
1579 965 1581 969 ,

498 984 554 1049 hoc
565 996 657 1071 paeto
673 986 785 1071 operit,
799 996 830 1050 et
843 982 942 1050 velati
955 986 1173 1051 demonstratis
1180 987 1255 1071 jorn
1275 987 1364 1052 rebus
1382 988 1542 1075 sequentia

498 1071 741 1150 accommodans,
757 1070 824 1135 baec
845 1071 888 1135 ud
908 1070 1033 1136 nubum
1055 1072 1113 1151 ait,
1129 1072 1283 1157 Spiritum
1300 1087 1386 1153 saue,
1402 1071 1466 1137 hoc
1481 1086 1543 1154 est,

498 1169 641 1221 mentem
656 1156 764 1222 Deum
777 1153 898 1223 habens
910 1151 1060 1221 Christus
1072 1180 1222 1222 unacum
1234 1159 1340 1224 anima
1351 1168 1384 1223 et
1393 1172 1543 1244 corpore,

494 1234 571 1338 jupe
586 1241 702 1307 merito
718 1241 817 1308 homo
831 1265 850 1307 e
865 1243 949 1310 ooelo
964 1239 1093 1308 veniens
1103 1244 1232 1313 dicitur.
1280 1244 1366 1331 Quid
1379 1247 1446 1310 lraec
1459 1245 1545 1309 dicta

499 1350 570 1392 cunr
581 1327 828 1413 praecedentibus
842 1352 1000 1395 commune
1015 1327 1157 1394 babent?
1190 1328 1322 1395 Ubinam
1344 1332 1399 1396 hoc
1419 1346 1546 1419 congre·

498 1425 579 1501 gnta
595 1407 740 1479 adversus
755 1416 989 1481 Somosutenurn
1004 1414 1146 1502 Sprrodus'
1159 1414 1326 1503 definivit?

545 1501 580 1564 P.
592 1514 662 1565 488.
677 1498 701 1565 l.
715 1507 746 1565 6.
775 1506 837 1562 ἐκέο
854 1502 978 1587 epotam]
1007 1502 1045 1565 In
1070 1496 1197 1566 Collect.
1219 1498 1308 1566 Νοοα
1330 1517 1388 1568 sua
1409 1504 1545 1567 Petrum
1651 1480 1656 1492 ¹

500 1598 583 1650 tom.
600 1586 633 1651 ii.
655 1608 688 1672 p.
706 1602 753 1666 19.
774 1585 938 1652 adnotavit
958 1599 1071 1672 postea
1090 1587 1370 1669 Montfauconius,
1391 1588 1551 1653 cecidisse·

500 1668 691 1757 particulam
713 1693 775 1736 non
797 1673 1058 1758 interpretatione
1080 1696 1148 1752 sua,
1170 1693 1268 1760 quam
1291 1674 1406 1753 lector,
1427 1674 1532 1762 inquit

501 1757 662 1823 restituat.
705 1752 790 1823 Tum
811 1781 885 1823 vero
906 1757 1111 1826 scribendum
1130 1761 1215 1824 foret
1238 1757 1308 1823 iuer
1322 1782 1381 1847 pro
1397 1761 1477 1837 ἐκέν,
1492 1782 1534 1825 cu

502 1842 634 1942 quidem
650 1836 882 1925 emendationi,
894 1844 996 1909 immo
1010 1867 1093 1911 verae
1108 1845 1274 1910 sentcntiae
1289 1846 1397 1931 potius
1411 1868 1546 1933 corrup-

502 1923 596 2008 uoni,
616 1930 862 2017 repugnandum
885 1944 945 2009 est,
969 1953 1045 1995 cum
1068 1944 1202 2019 propter
1223 1930 1302 1996 alias
1326 1948 1451 2012 causas,
1475 1947 1547 1997 tum

502 2030 674 2101 propterea
692 2016 781 2104 quod
803 2038 837 2080 re
859 2016 905 2082 ita
931 2038 965 2081 se
989 2015 1138 2095 habente,
1163 2017 1422 2105 particularium
1442 2018 1548 2105 magis

504 2124 601 2188 quam
617 2103 664 2165 aul
680 2102 750 2166 voci
764 2101 812 2167 illi
826 2102 937 2189 ἀνάγκη
977 2099 1083 2167 raefixa
1096 2118 1191 2169 esset.
1212 2109 1223 2128 “

548 2188 582 2251 P.
591 2202 662 2267 489.
673 2178 700 2253 l.‘
708 2197 738 2252 2.
760 2196 821 2250 ata
834 2189 929 2273 auras]
981 2188 1073 2253 ltima
1085 2188 1155 2254 haec
1167 2188 1274 2256 denuo
1286 2190 1422 2278 protulit
1433 2190 1549 2254 Mont-

504 2272 685 2353 fauconius,
706 2287 799 2339 tomo
810 2219 849 2338 d.
868 2272 996 2338 Collect.
1013 2273 1095 2339 Non.
1110 2273 1178 2340 PP.
1200 2277 1241 2341 ad
1262 2290 1339 2363 pag.
1354 2292 1406 2342 20.
1429 2298 1469 2339 ex
1490 2296 1547 2339 co·

504 2358 577 2423 dice
592 2360 734 2448 quodam
756 2358 870 2445 steph.
890 2353 1014 2426 Baluzii
1034 2361 1218 2449 desumpta,
1240 2375 1395 2450 tanquam
1413 2378 1487 2449 quae
1508 2373 1549 2425 ert

505 2467 604 2531 opere
618 2439 841 2511 Athanasiano
862 2446 940 2511 olim
962 2460 1113 2534 excerpta
1133 2461 1239 2514 essent
1253 2443 1378 2513 diverso
1393 2470 1412 2512 a
1426 2440 1549 2512 Libello

505 2531 544 2597 de
565 2530 710 2619 Synodis,
732 2554 808 2598 cum
835 2531 991 2597 nonnulla
1014 2533 1061 2600 ibi
1086 2530 1207 2599 omissa
1231 2536 1262 2599 in
1288 2534 1402 2599 codice
1423 2525 1551 2598 Balnzil

506 2632 663 2698 extarent,
678 2618 733 2683 sed
754 2618 819 2684 alio
841 2635 938 2706 quam
959 2619 1000 2683 ad
1022 2618 1182 2707 synodum
1198 2610 1437 2685 Antiochenam
1456 2640 1550 2719 spec·

505 2704 629 2782 tantia;
652 2704 765 2769 eadem
787 2718 895 2769 tamen
915 2699 995 2770 mihi
1016 2705 1148 2793 quidem
1171 2704 1359 2771 videbantur
1380 2706 1421 2770 ab
1443 2717 1551 2787 otioso

506 2791 661 2878 quopiam
685 2785 816 2857 homine
840 2790 978 2879 adjecta,
999 2783 1062 2857 etsi
1084 2785 1140 2857 viri
1162 2792 1294 2880 quidam
1318 2790 1495 2858 doctissimi
1517 2791 1552 2856 in

506 2874 568 2943 hac
590 2900 624 2942 re
647 2900 718 2942 sese
740 2877 845 2966 decipi
866 2878 952 2964 passi
974 2893 1060 2945 sunt.
1104 2878 1169 2943 Sed
1191 2880 1231 2946 ad
1252 2901 1321 2944 rem
1339 2878 1392 2945 hic
1412 2879 1497 2944 etin
1516 2877 1550 2943 S.

506 2959 618 3029 Basilii
632 2956 819 3052 Fragmenta
834 2973 1003 3030 tractatam
1018 2962 1193 3032 veniamus.

873 3157 1176 3188 m

550 3294 812 3390 Qunuoanun
837 3320 899 3366 vox
916 3292 1051 3366 celebris
1072 3290 1212 3381 ὅμοέσιος,
1231 3293 1308 3366 he.
1326 3292 1477 3387 ejusdem,
1489 3284 1572 3381 vel,¹

508 3405 546 3454 nt
561 3382 671 3453 scribit
684 3386 913 3466 Tertullianus,
928 3401 1027 3487 atque
1048 3400 1085 3451 ut
1107 3386 1252 3475 loquitur
1270 3388 1406 3453 ecclesia
1424 3387 1551 3470 Latina,

508 3474 600 3541 unius
629 3473 825 3553 substantiae,
850 3495 870 3538 a
897 3473 1036 3538 concrlio
1064 3472 1270 3538 Antiocheno
1295 3475 1417 3562 rejecta
1442 3473 1552 3553 fuerit,

508 3561 569 3644 etsi
592 3553 681 3647 prius
703 3583 721 3624 a
743 3558 871 3624 duobus
893 3559 955 3622 illis
980 3558 1070 3624 Dion
1095 3559 1160 3638 siis,
1183 3561 1330 3624 Romano
1352 3572 1386 3624 et
1407 3559 1552 3645 Alexan-

471 3703 474 3708 *
509 3646 615 3725 drino,
637 3644 840 3732 concilioque
863 3646 1022 3725 Rumam,
1046 3582 1181 3732 aliisque
1202 3646 1300 3710 etiam
1325 3645 1553 3710 vetustioribus

509 3733 648 3798 admissa
663 3729 787 3810 fuisset,
804 3746 940 3841 quorum
960 3730 1132 3796 nonnullos
1145 3739 1200 3795 τῶν
1212 3731 1437 3806 comminaturus
1451 3731 1553 3816 λογίας

509 3820 558 3882 καὶ
573 3822 707 3900 ἐπιφανεῖς
721 3821 883 3891 intonantur
896 3818 944 3880 aul
957 3816 1142 3904 συγγραφέας
1156 3831 1249 3882 vocat
1260 3817 1329 3904 lpse
1342 3837 1472 3904 quoque
1486 3819 1553 3881 Eu-

509 3905 616 3968 sebius
641 3903 672 3968 in
699 3897 847 3988 Epistola
871 3901 913 3967 od
940 3894 1144 3968 caesarienses
1169 3925 1245 3968 suos
1271 3902 1358 3990 apud
1384 3904 1552 3968 Socratem

509 3984 700 4056 historicum
716 4002 857 4069 servata3
880 3990 1104 4075 quamobrem,
1119 3989 1263 4076 inquam,
1275 4011 1337 4054 vox
1350 3989 1411 4053 ista
1425 3990 1466 4053 ab
1481 3990 1554 4057 An·

510 4075 668 4141 tiochenis
690 4074 872 4162 improbata
892 4066 1000 4154 fuerit,
1015 4076 1082 4140 duo
1104 4074 1138 4139 hi
1160 4072 1262 4139 sancti
1284 4090 1390 4162 patres
1404 4075 1554 4141 Athana·

510 4162 575 4226 sius
591 4175 624 4227 et
638 4158 775 4226 Basilius
790 4179 886 4247 snpra
899 4160 1119 4226 ostenderunt.
1178 4179 1294 4225 uorum
1309 4161 1363 4226 ille
1377 4160 1555 4239 aliapnulta

509 4244 671 4334 longiora,
680 4259 797 4332 praeter
807 4246 902 4311 verba
937 4269 986 4311 uae
998 4245 1051 4311 hic
1063 4263 1164 4332 exscn
1188 4259 1296 4327 untur,
1306 4247 1346 4310 de
1361 4245 1555 4312 admissione

511 4333 621 4420 posuit
639 4327 786 4397 vocabuli
808 4331 894 4418 apud
914 4269 1082 4420 dynodum
1104 4331 1294 4411 Nicaenam3
1321 4331 1457 4396 Basilius
1478 4355 1553 4396 vero

512 4420 622 4483 statim
634 4430 709 4506 post
720 4418 828 4482 locum
839 4420 908 4505 jam
921 4417 1098 4483 adductum
1112 4418 1194 4497 haec,
1207 4440 1279 4505 quae
1292 4432 1481 4506 sequuntur,
1495 4418 1553 4483 ad-

510 4504 615 4569 didit:
639 4507 727 4568 Τοῦτο
749 4504 776 4566 δὲ
793 4503 834 4567 inl
852 4505 969 4589 χαλκοῦ
983 4502 1033 4585 pir
1048 4505 1070 4590 ’b
1084 4511 1138 4567 rein
1153 4507 1200 4567 ἀπ’
1215 4505 1287 4567 ariri
1302 4503 1479 4586 repropriavit
1494 4503 1553 4591 ἔχει

511 4592 572 4654 τινὰ
588 4591 671 4675 λόγον
684 4592 716 4653 τὸ
731 4589 874 4670 διανόημα.
905 4591 947 4652 inl
971 4591 997 4653 ii
1020 4594 1085 4655 Θοὲ
1108 4591 1232 4677 πατρὸς,
1255 4585 1300 4670 nai
1321 4595 1396 4653 Θεοῦ
1417 4593 1484 4668 υἱοῦ,
1505 4594 1554 4655 οὐκ

513 4677 581 4740 n’cla
598 4673 790 4764 ωςεσέοτέρα,
806 4676 851 4740 ili
864 4673 1041 4824 iaspaepe'np
1053 4676 1154 4762 ἀμφοῖν
1167 4679 1320 4766 θεωρεῖται.
1347 4672 1477 4762 desidua
1496 4680 1556 4766 γοὶς

997 4781 1018 4825 L
1053 4773 1074 4828 4
