4092 5675
615 828 678 901 ⁴50
950 783 1313 922 Auuornrronrs

617 987 645 1049 t}
666 989 679 1047 ὅ
697 984 829 1071 πρότερος
848 985 938 1047 αὐτῶν
954 981 1014 1063 βίος
1034 981 1147 1066 σώφρων
1166 982 1214 1046 καὶ
1230 980 1413 1059 balantias·
1437 983 1645 1049 tumeat?

619 1072 663 1134 διὰ
677 1076 725 1147 τῆς
738 1067 952 1175 αἰχμλωσῖας,
967 1072 999 1130 ἐκ
1017 1068 1082 1147 βίας
1099 1066 1240 1149 ὑπέμειναν
1258 1072 1306 1147 ’τὴν
1324 1076 1379 1131 τῶν
1398 1067 1552 1157 βαςὸἇςω
1568 1068 1645 1157 ὅὸρκ,

618 1155 788 1241 ἀνέγκλητον
802 1158 866 1219 sict*
888 1155 936 1218 καὶ
954 1152 1170 1239 παραδείγματι
1190 1152 1333 1239 niwrat,
1347 1158 1380 1238 τῇ
1395 1156 1422 1217 ἐκ
1436 1159 1478 1239 τῷ
1490 1161 1646 1240 dempn-

616 1241 673 1326 μίῳ
693 1239 866 1325 θεσμκθεσῖᾳ
886 1243 919 1326 τῇ
938 1241 1005 1324 περὶ
1025 1244 1071 1314 τῆς
1092 1238 1245 1316 &alitione
1264 1237 1418 1323 παρθένου,
1432 1238 1463 1316 ἣν
1480 1243 1509 1303 ἐκ
1528 1239 1644 1328 igqpipl

617 1326 786 1413 βιασάμενος
801 1325 916 1409 ἔφθειρε,
931 1324 1057 1408 λέγουσι,
1069 1329 1118 1388 οὐκ
1132 1322 1191 1403 inp
1202 1328 1235 1409 τῇ
1250 1325 1344 1387 venierit
1359 1324 1520 1413 ἁμάρτημα
1532 1327 1643 1391 Sardes.

616 1411 837 1483 Absolvuntur
852 1410 983 1486 crimine
998 1410 1197 1475 confessores
1216 1410 1286 1484 turir
1307 1432 1328 1473 a
1347 1410 1382 1473 S.
1398 1412 1496 1476 Petro
1513 1412 1643 1477 Alenu-

618 1495 711 1569 drino
740 1498 772 1561 in
803 1498 923 1561 Conone
948 1518 1000 1560 suo
1030 1494 1142 1562 decimo
1172 1491 1282 1581 quorlo
1309 1507 1380 1559 tum
1406 1497 1449 1560 ab
1476 1498 1643 1584 Ancyram

620 1581 769 1650 Concilio
787 1583 820 1646 iu
837 1582 959 1646 Conone
978 1580 1150 1657 undecimo,
1170 1579 1227 1666 qui
1247 1580 1422 1729 omniffena
1443 1579 1473 1645 vi
1496 1581 1643 1669 compulsi

618 1667 813 1755 idolothyta,
826 1666 881 1731 sed
896 1667 1080 1745 renitentes,
1093 1666 1320 1745 comedissent3
1358 1681 1534 1731 amnentur
1546 1682 1642 1732 autem

616 1753 641 1816 ii
667 1768 701 1816 ct
762 1752 861 1817 ariter
880 1753 1064 1837 puniuntur¹
1078 1773 1135 1836 per
1158 1754 1311 1819 Cononem
1334 1762 1484 1837 quartum
1508 1751 1642 1840 ejusdem

620 1775 770 1915 concili,
784 1838 839 1922 qui
854 1852 1024 1923 postquam
1045 1859 1135 1901 sacra
1148 1837 1252 1904 facere
1264 1837 1369 1902 coacti
1383 1851 1486 1916 esent,
1501 1838 1537 1902 in
1548 1837 1642 1903 idolo-

618 1944 690 1994 rum
717 1922 847 2008 templis
867 1945 943 1987 cum
965 1923 1040 1986 laeta
1064 1922 1129 1987 oris
1154 1922 1348 2010 vestitusque
1373 1924 1480 2009 specie
1505 1922 1642 2009 ἄδικῖφῲις

618 2008 702 2071 vesci
723 2007 781 2072 visi
802 2007 945 2071 fuissent.
989 2008 1225 2072 Minusoautem
1244 2024 1341 2086 recte,
1359 2008 1392 2072 ni
1414 2008 1524 2087 fallor,
1544 2007 1643 2074 sumit

617 2093 796 2158 Mnthaeus
817 2094 974 2158 Blestares
996 2094 1029 2157 in
1052 2094 1257 2192 Syntngmate
1271 2091 1487 2178 Alplmbetieo,
1510 2092 1599 2182 quod
1614 2092 1643 2157 iu

621 2178 772 2266 synodico
787 2202 846 2243 suo
860 2180 982 2264 primus
998 2178 1100 2243 edidrt
1119 2179 1311 2265 Beveregius
1325 2181 1390 2243 Lit.
1404 2185 1452 2243 M.
1467 2202 1499 2244 c.
1511 2202 1543 2244 x.
1557 2200 1589 2266 p.
1599 2191 1641 2247 82.

619 2281 652 2329 et
668 2266 732 2330 Lit.
746 2271 789 2327 Π.
806 2288 836 2327 c.
849 2287 899 2328 xv.
915 2288 946 2351 p.
959 2280 1029 2329 223.
1053 2281 1117 2332 tam
1138 2264 1223 2342 illos,
1267 2265 1300 2328 ui
1320 2265 1410 2329 cibos
1430 2265 1578 2351 impuros
1595 2285 1641 2348 eo-

619 2351 682 2415 acti
692 2349 918 2429 comedissent,
927 2373 1023 2438 quam
1035 2350 1194 2426 mulieres,
1204 2288 1320 2448 quiius
1329 2351 1376 2415 vis
1386 2350 1484 2416 allata
1496 2362 1643 2436 essessper

617 2435 705 2500 hunc
726 2458 882 2501 canonem
900 2436 1131 2523 aliquantulum
1148 2436 1251 2519 pumri
1266 2435 1405 2514 debere;
1430 2436 1559 2504 etiamsi
1575 2457 1642 2501 oon·

618 2523 806 2586 sentientem
823 2522 884 2585 sibi
905 2523 935 2585 in
958 2522 1019 2586 hac
1034 2543 1067 2585 re
1082 2520 1289 2585 Theodorum
1302 2520 1532 2587 Balsamonem
1546 2521 1643 2600 habet,

617 2608 674 2694 qui
688 2629 842 2671 canonem
858 2608 1016 2693 exposuit.
1059 2606 1180 2670 Confer
1194 2621 1228 2670 et
1241 2606 1378 2671 eundem
1394 2607 1576 2671 Blostarem
1587 2606 1643 2672 Lit.

617 2697 656 2756 A.
673 2716 701 2756 c.
714 2694 735 2756 i.
750 2714 782 2778 p.
798 2709 829 2757 5.
873 2694 994 2757 Verum
1017 2705 1138 2770 tamen,
1159 2693 1272 2769 fateor,
1290 2709 1365 2757 cum
1386 2691 1499 2778 lapsis,
1513 2693 1644 2780 quipost

618 2790 827 2843 sustentatam
842 2790 1078 2843 tormentorum
1092 2778 1155 2842 vim
1171 2777 1324 2843 sacrificia
1339 2792 1473 2865 gustare
1486 2778 1582 2865 plene
1598 2798 1642 2843 ass

618 2863 700 2927 sensi
714 2885 843 2927 causam
863 2863 934 2927 fidei
953 2864 1179 2949 prodidissent,
1201 2864 1294 2929 aliter
1313 2878 1422 2929 actum
1442 2879 1505 2942 est,
1524 2864 1565 2931 de
1581 2862 1641 2948 qui·

616 2949 678 3100 Ιέυε
693 2949 726 3011 S.
741 2948 877 3104 Bpplillips
893 2950 943 3012 M.
960 2950 991 3013 in
1007 2948 1155 3050 Epistola
1171 2949 1325 3014 θακοκὶοα
1335 2949 1380 3014 ad
1388 2949 1643 3036 Amphilochium,

651 3055 753 3106 anone
855 3078 864 3109 .
913 3061 917 3066 ·

1018 3294 1183 3361 CANON
1210 3298 1257 3360 Il.

660 3467 696 3530 Ρ.
707 3478 776 3546 439.
791 3466 815 3530 l.
828 3478 863 3542 7.
880 3465 994 3548 φευκτὸν
1015 3464 1062 3542 κα)
1079 3467 1222 3554 φρικῶδες]
1238 3467 1351 3552 Vulgo
1364 3467 1477 3551 φρικτὸν
1491 3465 1541 3546 ’tol
1552 3473 1644 3554 ppid-

618 3555 670 3627 δες,
684 3551 741 3615 sed
757 3555 869 3633 φευκτὸν
884 3574 943 3638 pro
960 3552 1071 3636 φρικτὸν
1084 3574 1102 3615 e
1117 3575 1172 3616 sex
1186 3551 1339 3616 codicibus
1351 3551 1488 3636 scriptis,
1501 3551 1645 3618 Aristium

617 3659 681 3729 que
696 3661 768 3724 quae
791 3651 921 3702 vocatur
940 3638 1099 3700 Cononem
1119 3637 1263 3724 Syrropsi,
1278 3637 1417 3723 reposui.
1437 3653 1439 3657 ·
1463 3637 1558 3702 Idem
1592 3659 1645 3702 uon

616 3745 681 3808 que
709 3725 742 3786 in
770 3723 881 3788 codice
908 3745 968 3787 suo
995 3722 1149 3787 invenisse
1175 3724 1336 3788 loannem
1364 3661 1646 3810 OEoolampntlnm

494 3845 498 3853 ·
617 3821 745 3873 constat
759 3831 797 3872 ex
811 3808 954 3872 versione
968 3807 1084 3872 horum
1100 3824 1199 3893 atque
1219 3809 1252 3872 S.
1270 3807 1354 3875 Petri
1369 3806 1465 3872 Alex.
1480 3829 1647 3885 canonum,

618 3917 691 3978 quae
705 3894 738 3957 in
752 3892 1039 3980 Micropreslytico,
1054 3893 1117 3957 sive
1133 3895 1262 3958 Patrum
1281 3891 1496 3972 Bibliotheca,
1510 3893 1647 3969 Easdem

616 4000 701 4043 anno
719 3994 803 4043 1550.
819 3979 907 4042 edita
919 3993 978 4042 est.
1023 3979 1139 4044 Itidem
1155 3979 1249 4045 vertit
1262 3979 1343 4043 alter
1357 3978 1516 4064 interpres
1531 3981 1647 4046 Herve·

615 4077 681 4141 tus,
695 4063 736 4128 de
753 4087 818 4151 quo
837 4086 944 4150 supra,
956 4064 1149 4152 fugiendum
1167 4064 1420 4149 horrendumque·
1464 4065 1553 4129 Mox
1566 4070 1648 4129 ἄλλο·

615 4148 691 4234 eglon
712 4169 771 4246 pro
793 4149 922 4248 vulgato
944 4149 1098 4238 ἀλλοτρίων
1118 4149 1234 4237 recepi,
1250 4160 1314 4218 octo
1332 4147 1447 4213 saltem
1469 4149 1648 4236 scriptorum

616 4247 808 4308 auctoritate
823 4257 926 4298 nurus

663 4317 745 4391 lbid.
761 4318 783 4382 l.
796 4336 825 4396 9.
848 4323 909 4394 orris
932 4325 946 4393 ὁ
967 4320 1099 4404 τοιοῦτος]
1123 4319 1309 4391 Articulum
1330 4319 1436 4406 recepi
1457 4339 1498 4386 ex
1519 4318 1650 4384 omnilm

616 4418 733 4490 praeter
747 4427 846 4468 unum
863 4405 927 4471 cod.
941 4420 1010 4471 205.
1027 4406 1255 4491 monteseriptis
1299 4407 1383 4471 Mox
1403 4405 1557 4470 codicum
1577 4426 1649 4470 cou-

587 4496 590 4501 ’
617 4511 714 4558 sensu
735 4503 878 4568 coactus,
894 4513 959 4555 uno
981 4491 1046 4556 hoc
1067 4507 1136 4556 205.
1158 4492 1349 4598 refragante,
1370 4490 1519 4554 ordinem
1541 4491 1648 4555 verbo«

618 4596 689 4638 rum
706 4577 798 4660 καιρὸν
813 4574 878 4653 εἴκω
893 4575 998 4662 κέρδους
1012 4577 1045 4640 in
1059 4577 1164 4662 κέρδους
1179 4603 1271 4662 uapor
1284 4576 1351 4654 elva,
1364 4576 1506 4654 mutav13
1530 4576 1586 4640 ubi
1600 4577 1649 4638 oi·

615 4663 673 4733 τοῖς
694 4681 753 4745 pro
776 4666 880 4734 ἑαυτοῖς
900 4662 964 4725 cod.
984 4663 1217 4729 vetustissimus
1229 4668 1280 4727 26.
1296 4661 1406 4739 habet,
1421 4679 1549 4725 necnon
1563 4659 1652 4733 coda

616 4749 687 4828 625
702 4746 946 4837 mwrnsouiiu
960 4745 1031 4835 ead.
1046 4747 1197 4837 biblioth·
1211 4746 1311 4838 B0d1÷
1326 4768 1413 4833 nunc.
1426 4747 1596 4850 repositus
