4092 5675
585 771 626 837 68
920 764 1279 835 ANNOTATIONES

587 937 704 1006 loaius.
753 938 891 1004 Accedit
912 938 1000 1025 quod
1020 940 1102 1004 infra
1122 941 1168 1005 ait
1192 939 1350 1003 Aneros
1376 938 1472 1003 Abx.
1497 932 1627 1004 Cara·

591 1044 768 1091 PHRYGAS
793 1026 989 1089 Montanum
1010 1024 1072 1088 rarsi
1091 1030 1146 1089 wir
1164 1026 1289 1098 νεοπίςων
1309 1024 1417 1089 fuisse.
1452 1025 1557 1089 Num.
1576 1024 1624 1086 Il«

587 1110 768 1274 p'iisiss'l
781 1200 811 1259 a
832 1195 975 1282 προφήτης
988 1194 1114 1278 aaa]
1128 1194 1231 1260 Addit
1245 1198 1272 1259 a
1288 1194 1364 1260 rus,
1381 1192 1473 1257 aar

633 1281 717 1345 lbld.
731 1280 754 1343 l.
769 1294 816 1343 10.
838 1284 1029 1364 τισσαςακοςόν
1051 1286 1189 1360 ἐτύγχανεν
1209 1284 1328 1354 ἴτυς-ἒξ
1349 1283 1378 1341 οὗ
1394 1280 1467 1364 iiten]
1484 1280 1559 1343 Jam
1579 1279 1626 1343 vl-

588 1367 668 1432 deor
683 1366 762 1430 mihi
775 1364 1031 1451 deprehendisse,
1043 1388 1139 1452 quam
1153 1366 1195 1429 ob
1207 1387 1336 1430 causam
1352 1365 1508 1428 Eusebius
1520 1366 1598 1450 Apo
1612 1399 1626 1413 ·

588 1451 712 1519 lonium
728 1450 814 1515 hunc
829 1465 903 1537 post
919 1472 1119 1536 anonymum
1139 1450 1231 1515 illum
1252 1452 1439 1536 scriptorem
1454 1449 1495 1514 de
1511 1472 1578 1536 quo
1592 1449 1626 1512 in

590 1537 745 1623 superiori
759 1537 863 1622 capite
877 1548 985 1600 actum
1001 1550 1061 1613 est,
1075 1536 1287 1601 collocaverit.
1333 1535 1417 1601 Cum
1438 1535 1524 1599 enim
1543 1557 1628 1599 ano-

590 1644 709 1711 nymus
730 1623 783 1685 ille
804 1634 948 1698 testetur,
965 1642 998 1684 se
1013 1620 1255 1707 quatuordecim
1269 1624 1359 1685 annis
1379 1634 1453 1707 post
1472 1618 1626 1684 Montani

590 1721 625 1774 et
647 1706 838 1772 Maximillae
861 1706 988 1771 obitum
1014 1706 1113 1770 libros
1137 1729 1212 1771 suos
1234 1707 1395 1791 scripsisse
1407 1729 1417 1784 ;
1439 1706 1492 1770 hic
1515 1719 1627 1770 autem

479 1857 482 1866 ,
588 1792 783 1879 Apollonius
801 1791 947 1870 affirmet,
966 1791 1179 1878 quadraginta
1197 1793 1287 1857 annis
1310 1806 1480 1878 antequam
1504 1790 1627 1855 scribe-

589 1892 650 1957 ret,
666 1880 861 1941 Montanum
877 1877 1076 1962 prophetiam
1092 1900 1183 1941 suam
1198 1878 1371 1942 invexisse:
1386 1876 1508 1963 putavit
1521 1879 1626 1941 Euse-

590 1964 663 2028 bius
678 1962 888 2049 Apollonium
904 1985 1066 2049 anonymo
1080 1962 1137 2027 illo
1151 1964 1305 2049 scriptore
1320 1962 1528 2027 recentiorem
1543 1982 1627 2026 esse.

591 2048 632 2115 In
647 2071 712 2135 quo
727 2061 845 2124 tamen,
862 2069 936 2112 meo
952 2047 1082 2134 quidem
1099 2047 1236 2135 judicic,
1250 2048 1347 2133 longe
1361 2048 1458 2111 falsus
1471 2060 1532 2112 est.
1566 2049 1629 2111 Et·

591 2134 678 2200 enim
700 2133 891 2283 Apollonius
913 2134 1073 2197 Montano
1094 2133 1200 2198 adhuc
1221 2134 1392 2218 superstite
1411 2155 1485 2197 cum
1507 2131 1629 2196 insanis

592 2221 658 2286 suis
671 2220 733 2285 vati
757 2241 795 2283 us
817 2218 958 2282 Priscilla
977 2233 1010 2283 et
1030 2218 1221 2298 Maximilla,
1236 2218 1354 2283 librum
1373 2240 1468 2283 suum
1488 2238 1628 2303 compo·

593 2307 668 2385 suit,
681 2319 718 2370 ut
729 2328 768 2370 ex
779 2305 830 2369 his
840 2304 1029 2390 fragmentis
1042 2327 1113 2391 quae
1126 2305 1246 2391 profert
1260 2304 1416 2369 Eusebius
1427 2302 1564 2381 elicitur,
1576 2302 1628 2368 id-

593 2414 657 2479 que
670 2413 734 2456 non
745 2413 812 2455 uno
823 2391 914 2468 loco;
926 2404 963 2455 ut
976 2413 1051 2455 curn
1063 2391 1143 2455 dixit
1153 2396 1168 2467 ἡ
1178 2395 1306 2477 προφῆτις
1317 2393 1379 2472 ἡμῖν
1391 2389 1494 2452 εἰπάτω
1503 2392 1542 2451 τὰ
1551 2391 1630 2452 κατὰ

591 2476 783 2564 Ἀλέξανδρον,
796 2478 843 2540 tir
864 2474 986 2560 λέγοντα
1005 2478 1099 2540 ἑαυτὸν
1120 2473 1296 2563 μάρτυςα,ᾦ
1313 2480 1482 2553 corruam,
1494 2471 1516 2559 ᾧ
1530 2497 1629 2561 προσ·

594 2570 714 2640 aaaron,
727 2562 774 2625 nal
788 2566 864 2624 αὐτῶ
877 2559 997 2623 πολλοί.
1042 2564 1085 2624 Et
1099 2562 1197 2646 paulo
1212 2576 1287 2646 post
1301 2559 1340 2623 de
1354 2559 1468 2623 eodem
1482 2559 1628 2624 Alexan·

521 2657 526 2672 ‘
592 2647 652 2713 dro
672 2646 705 2711 lo
728 2668 806 2709 uens
827 2624 883 2723 ait,
896 2643 924 2707 ‘dr
944 2651 957 2708 ὁ
976 2646 1118 2732 προφήτης
1138 2645 1254 2709 συνόντα
1273 2649 1395 2721 πολλοῖς
1417 2644 1503 2708 ἔτεσιν
1520 2648 1629 2729 ἀγνοεῖ.

593 2734 644 2797 Ex
665 2732 721 2817 qui
744 2754 782 2795 us
804 2730 904 2795 verbis
927 2743 1068 2815 apparet,
1084 2743 1117 2794 et
1136 2729 1354 2796 Alexandrum
1376 2744 1410 2795 et
1430 2732 1630 2795 Montanum

593 2819 605 2886 i
629 2839 701 2883 sum
723 2838 761 2881 ac
782 2814 997 2881 Maximillam
1020 2814 1126 2881 adhuc
1146 2816 1269 2895 vixisse,
1288 2838 1363 2881 cum
1384 2816 1456 2881 haec
1477 2816 1634 2882 scriberet

627 2902 800 2993 pollonius.
846 2903 900 2966 Ne
924 2924 964 2965 ue
978 2921 1051 2966 vero
1065 2902 1111 2965 ait
1123 2902 1328 2988 Apollonius,
1342 2901 1553 3001 quadraginta
1571 2924 1633 2967 an-

594 3013 654 3056 nos
667 2987 824 3052 effluxisse
838 2988 880 3050 ab
895 3009 915 3050 o
940 2987 989 3051 itu
1003 2987 1154 3051 Montani
1176 2987 1216 3051 ad
1235 3001 1361 3072 tempus
1382 3010 1449 3074 quo
1470 2999 1532 3050 rsta
1551 2987 1631 3052 scri·-

593 3075 703 3140 bebat.
740 3073 805 3136 Sed
819 3070 853 3136 id
867 3085 991 3137 tantum
1007 3072 1105 3150 dicit3
1128 3072 1340 3160 quadraginta
1354 3073 1444 3137 annis
1457 3086 1630 3160 antequam

593 3160 662 3262 ipse
684 3159 726 3225 ad
745 3158 948 3223 scribendum
964 3157 1141 3238 accederet,
1156 3160 1352 3223 Montanum
1366 3157 1633 3246 pseudoprophe-

595 3260 675 3312 tiam
695 3267 787 3315 suam
807 3244 970 3308 invexisse.
1014 3245 1174 3309 Ponamus
1194 3244 1303 3330 igitur,
1328 3246 1523 3309 Montanum
1545 3267 1632 3310 anno

595 3331 699 3398 aetatis
712 3330 874 3396 tricesimo
893 3329 1035 3394 fabulam
1058 3353 1148 3394 suam
1169 3331 1346 3394 inchoasse.
1391 3330 1477 3394 Cum
1490 3329 1633 3416 Apollo-

588 3419 668 3487 nius
682 3433 793 3483 contra
807 3417 880 3502 ejus.
890 3432 1009 3481 sectam
1026 3416 1190 3495 scriberet,
1201 3416 1252 3480 vix
1267 3417 1445 3480 Montanus
1458 3428 1633 3502 septuage-

597 3505 715 3568 simum
733 3524 853 3566 annum
868 3514 1055 3565 excesserat.
1100 3501 1315 3564 Maximillam
1330 3515 1437 3566 autem
1454 3514 1488 3565 et
1503 3500 1633 3566 Priscil-

596 3588 662 3652 lam
684 3609 748 3651 non
769 3586 877 3650 statim
893 3586 934 3649 ab
948 3586 1019 3670 ipso
1035 3586 1085 3648 sui
1099 3586 1213 3650 erroris
1229 3586 1360 3650 exordio
1380 3588 1559 3651 Montanus
1573 3608 1634 3652 co-

596 3673 691 3738 mites
709 3671 842 3749 habuit3
865 3671 921 3734 sed
942 3692 995 3734 eae
1016 3669 1074 3734 diu
1095 3684 1208 3756 postea
1227 3672 1405 3757 prophetiae
1426 3695 1492 3736 suae
1510 3672 1634 3738 retibus

596 3757 793 3844 implicuisse
807 3776 844 3819 ac
858 3754 1020 3842 decepisse
1035 3756 1114 3819 mihi
1130 3756 1486 3821 videtur.VA1.Esrus.
1520 3759 1635 3845 Quan-

597 3867 695 3930 quam
710 3840 888 3906 Valesianae
908 3841 1026 3906 horum
1045 3857 1229 3927 temporum
1249 3843 1483 3931 computationi
1497 3844 1634 3909 assenti-

596 3930 716 3994 endum
731 3940 823 4014 put0,
839 3949 858 3990 a
873 3926 1003 3992 Valesio
1023 3940 1132 3991 tamen
1152 3928 1313 3992 immerito
1333 3924 1542 4014 reprehensus
1566 3929 1634 3993 Eu·

597 4015 704 4079 sebius
729 4013 809 4076 mihi
830 4013 961 4099 quidem
982 4012 1117 4092 videtur,
1162 4014 1230 4077 nasi
1251 4014 1471 4092 existimasset,
1493 4014 1635 4099 Apollo·

597 4101 688 4164 nium
704 4121 868 4186 anonymo
881 4098 937 4162 illo
951 4099 1107 4186 scriptore
1121 4036 1268 4162 adversus
1282 4096 1506 4186 Cataphrygas
1521 4120 1635 4164 recen-

597 4186 714 4251 tiorem
730 4185 837 4249 fuisse.
860 4184 1024 4270 Siquidem
1037 4184 1194 4248 Eusebius
1209 4198 1296 4249 amat
1309 4198 1456 4249 auctores
1468 4206 1544 4248 suos
1556 4205 1635 4271 pro·

597 4270 729 4336 ferendo
751 4290 881 4355 ponere,
896 4292 962 4333 non
980 4270 1037 4334 illo
1059 4292 1124 4357 quo
1147 4270 1346 4356 scripsissent
1364 4271 1488 4348 ordine,
1503 4269 1560 4332 sed
1574 4291 1636 4357 pro

598 4379 705 4423 rerum
717 4368 894 4440 gestarum,
907 4355 947 4419 de
961 4355 1078 4442 quibus
1091 4355 1209 4440 agitur,
1219 4356 1358 4442 sequela.
1382 4358 1496 4441 Itaque
1507 4377 1637 4443 anony-

597 4465 689 4506 mum
705 4441 892 4525 scriptorem
908 4440 1046 4526 priorem
1058 4443 1238 4520 collocavit,
1250 4442 1325 4526 quia
1339 4440 1379 4504 de
1393 4443 1496 4528 prima
1508 4441 1636 4527 origine

581 4527 872 4595 montanistarum
887 4526 969 4590 inter
984 4526 1046 4590 alia
1061 4526 1100 4590 ab
1117 4526 1230 4590 eodem
1245 4540 1417 4591 tractatum
1431 4528 1546 4590 fuerat.

643 4612 727 4675 lbld.
743 4612 828 4675 l.12.
851 4612 880 4671 οὗ
895 4614 940 4672 sal
956 4621 967 4672 ὃ
981 4617 1095 4694 ωρὸτερος
1110 4615 1273 4691 συγγραφεὺς
1288 4612 1476 4694 ἐμνημόνευσεν]
1497 4610 1564 4696 Qui
1583 4623 1636 4677 est

597 4718 777 4785 anonymus
789 4696 846 4764 iile
859 4710 971 4763 contm
984 4697 1210 4785 Cataphrygas
1225 4711 1349 4765 auctor.
1393 4701 1425 4763 ls
1437 4718 1533 4782 supra
1546 4697 1636 4784 apud
