4092 5675
611 798 666 865 IN
680 795 713 864 S.
726 794 938 864 DIONYSII
957 793 1218 862 NICETIANA
1232 795 1405 864 FRAGM.
1460 816 1523 885 427

493 974 604 1060 legere
620 971 743 1036 mavult
755 972 776 1035 J
780 968 871 1034 unius
886 972 937 1043 τοὶς
950 967 1120 1053 γυμνασίας.
1167 968 1231 1033 Sed
1244 990 1303 1034 cur
1315 980 1432 1051 mutet,
1446 968 1528 1036 nihil

493 1081 602 1128 eausae
616 1080 685 1121 esse
698 1056 830 1120 videtur.

540 1146 575 1208 P.
587 1158 658 1221 393.
674 1142 697 1206 l.
712 1157 742 1205 2.
766 1146 803 1203 Et
824 1140 851 1201 δὲ
872 1139 918 1200 καὶ
937 1139 1096 1225 εῦφρέννθην,
1111 1139 1188 1221 φησὶ,
1200 1148 1315 1204 οτολλοῦ
1329 1140 1437 1204 οτλέτεν
1448 1165 1530 1227 γενο-

495 1228 577 1314 μένου
593 1254 652 1310 μον,
670 1232 691 1290 εἰ
711 1226 797 1305 ἔταξα
808 1223 926 1311 χρυσίον
939 1228 974 1298 εἰς
986 1231 1069 1308 χοῦν,
1083 1229 1105 1288 εἰ
1122 1224 1194 1288 ntea
1213 1230 1369 1290 πολυτελεῖ
1387 1227 1531 1302 inentibu-

495 1316 564 1398 τα]
585 1316 636 1377 Ita
657 1312 884 1376 sententiarum
905 1308 1050 1374 ordinem
1071 1330 1110 1373 ex
1132 1332 1164 1372 co
1186 1307 1217 1374 d.
1240 1310 1373 1375 Catenae
1394 1310 1531 1375 omnibus

497 1412 597 1484 atque
622 1408 721 1462 vetere
745 1397 911 1479 interprete
938 1393 1087 1458 Comitolo
1113 1394 1248 1460 restitui.
1302 1396 1418 1461 Junius
1445 1396 1532 1461 enim

496 1506 590 1552 more
604 1505 664 1548 suo
679 1505 719 1547 ex
736 1480 848 1546 Bibliis
862 1479 972 1559 edidit,
987 1485 1009 1543 εἰ
1024 1479 1111 1558 ἔταξα
1123 1478 1240 1567 χρυσίον
1254 1486 1290 1555 εἰς
1301 1489 1373 1567 χοῦν
1385 1508 1450 1563 μον,
1465 1486 1488 1545 εἰ
1502 1483 1531 1545 δὲ

497 1570 549 1636 mi
563 1568 636 1654 λίθῳ
648 1568 798 1632 πολυτέλεν
811 1566 989 1645 introi-inca,
1003 1570 1026 1629 εἰ
1048 1567 1075 1628 δὲ
1094 1568 1141 1630 καὶ
1157 1566 1306 1653 cippis-ip
1318 1574 1423 1631 τολλοῦ
1436 1564 1534 1631 etrite

496 1681 552 1738 μου
568 1653 721 1739 γενομένου.
764 1655 924 1717 Nostrum
945 1651 1058 1716 itidem
1080 1656 1116 1727 εἰς
1134 1659 1206 1749 χοῦν
1227 1652 1295 1716 sine
1315 1677 1368 1734 μον
1382 1654 1487 1717 firmat
1498 1664 1534 1716 et

496 1750 587 1806 vetus
609 1739 716 1816 versio,
740 1738 885 1802 similiter
905 1758 943 1801 ac
965 1737 1078 1802 codices
1100 1737 1207 1821 scripti
1229 1760 1342 1817 01111101,
1362 1737 1422 1802 nisi
1444 1737 1534 1825 quod

496 1832 558 1900 νοῦς
580 1826 662 1908 (νοῦν)
686 1846 745 1910 pro
765 1830 836 1911 χοῦν
858 1845 932 1887 cum
956 1843 1051 1887 sensu
1071 1822 1196 1909 optimo
1216 1823 1340 1908 praebet
1357 1823 1449 1888 codex
1466 1838 1533 1903 195.

497 1912 599 1976 Extat
618 1912 682 2008 λγῦν
701 1909 735 1974 in
754 1910 867 1973 codice
881 1909 975 1972 Alex.
989 1917 1043 1972 τῶν
1060 1907 1092 1971 ο’.
1127 1910 1175 1973 At
1190 1930 1263 1973 vero
1283 1930 1343 1995 pro
1361 1909 1457 1974 verbo
1471 1913 1535 1973 iet·
1648 1985 1652 1990 ⁵

497 1994 636 2074 τοέθησα,
659 2018 691 2058 m
713 2017 778 2081 qua
796 1992 926 2080 quidem
948 2010 1026 2059 voce
1048 1993 1155 2059 Bittio
1179 2006 1307 2060 secutus
1327 2017 1411 2074 sum,
1431 1999 1535 2059 ἄπετε-

498 2079 603 2146 τοέθαν
618 2080 767 2146 scribitur
782 2080 814 2143 in
831 2079 963 2143 Catenae
985 2079 1083 2165 hujus
1104 2081 1351 2164 exemplaribus,
1366 2081 1464 2145 misso
1478 2080 1536 2145 illo

499 2167 566 2232 cod.
583 2181 650 2244 195,
666 2166 697 2230 in
714 2189 779 2253 quo
794 2165 941 2229 ἐπεποίθειν
955 2177 1053 2228 extat.

516 2263 522 2280 '
544 2252 630 2317 Ibid.
646 2252 711 2315 l.6.
733 2257 771 2316 τοὶ
792 2254 867 2314 κατοὶ
888 2252 949 2324 τοῦς
970 2251 1089 2335 παῖδας]
1109 2253 1147 2314 In
1170 2250 1256 2316 codd.
1278 2249 1414 2316 omnibus
1435 2250 1537 2339 scrip·

499 2350 572 2404 tum
597 2337 733 2402 habetur
750 2343 799 2416 τοὶ,
815 2335 902 2421 quod
923 2335 1136 2485 supplendum
1151 2358 1220 2400 esse
1234 2358 1365 2401 monere
1379 2336 1420 2400 ad
1433 2358 1537 2422 marg.

500 2422 626 2487 videtur
645 2423 771 2487 Junius.
815 2424 899 2487 Mox
921 2421 963 2486 ad
995 2421 1039 2485 in.
1054 2437 1085 2487 5.
1107 2422 1253 2508 repetivit
1271 2422 1401 2486 verbum
1421 2420 1539 2486 ἄκουσον

501 2508 598 2572 codem
615 2524 680 2587 19⁵·

548 2593 633 2657 Ibid.
647 2593 670 2656 i.
687 2608 733 2656 ll.
756 2594 900 2671 Δναθῆκην
920 2592 1045 2675 διεθέμην
1063 2596 1120 2668 τοῖς
1141 2594 1295 2675 ὀφθαλμοῖς
1314 2618 1378 2675 μου,
1392 2596 1431 2676 μὴ
1446 2617 1539 2656 κατα-

501 2684 597 2756 νοῆσορ
616 2683 652 2754 εἰς
672 2679 828 2765 παρθένον]
845 2681 896 2742 lta
917 2693 993 2763 post
1013 2679 1098 2742 codd.
1114 2700 1215 2743 omnes
1230 2677 1329 2757 edidi,
1346 2678 1541 2765 quibuscum

502 2764 653 2829 convenit
667 2774 728 2828 vet.
745 2763 855 2849 interp.
873 2764 1050 2829 Comitatus.
1083 2763 1199 2829 Junius
1221 2775 1330 2828 autem
1353 2786 1444 2829 more
1468 2785 1540 2844 suo,

501 2850 568 2915 hoc
589 2864 648 2928 est,
665 2850 752 2914 malo
771 2850 920 2936 exemplo
934 2864 968 2916 et
982 2851 1148 2929 inutiliter,
1163 2850 1341 2936 praesertim
1363 2850 1390 2914 si
1411 2850 1541 2916 investi·

502 2937 596 3022 gatio
617 2958 697 3000 verae
719 2936 866 3000 lectionis
887 2943 942 3000 τῶν
963 2935 995 2999 ο’.
1019 2950 1191 3022 spectetur,
1209 2934 1383 3000 uitttomm
1397 2935 1542 3002 subdidit

503 3021 707 3106 scripturam,
722 3022 850 3099 διαθήκην
873 3021 971 3103 ἐθέμην
991 3028 1047 3096 τοῖς
1070 3026 1224 3105 ὀφθαλμοῖς
1241 3047 1305 3103 μου,
1320 3023 1368 3085 καὶ
1387 3025 1417 3085 οῦ
1434 3022 1542 3100 συνῆσαν

503 3107 549 3170 ini
563 3108 706 3194 παρθένον.
739 3106 931 3171 Notandum
947 3128 1021 3170 vero
1036 3121 1095 3185 est,
1111 3107 1177 3190 legi
1192 3108 1224 3170 in
1240 3108 1325 3169 codd.
1338 3122 1408 3170 201.
1424 3120 1458 3170 et
1474 3120 1541 3186 170,

503 3192 624 3280 pariter
644 3206 742 3277 atque
764 3192 851 3276 apud
871 3191 1068 3270 Comitoium,
1081 3195 1137 3265 τοῖς
1155 3195 1294 3264 ἐκλεκτοῖς
1314 3195 1468 3276 ὀφθαλμοῖς
1488 3216 1542 3275 με,

504 3277 668 3344 nesciente
682 3292 791 3340 tamen
805 3276 886 3341 illud
900 3279 1041 3350 ἐκλεκτοῖς
1056 3276 1155 3340 codice
1171 3290 1237 3353 195.

552 3364 586 3427 Ρ.
598 3378 667 3441 399.
682 3362 704 3426 l.
721 3377 767 3424 11.
788 3364 861 3426 οὐδὲν
874 3364 956 3425 αὐτὸν
969 3359 1106 3447 ἐθορύῦεν]
1124 3360 1359 3446 suppeditabat
1376 3360 1457 3425 mihi
1477 3360 1542 3426 hoe

505 3448 583 3515 loco
597 3451 678 3511 αὐτὸν
693 3448 757 3511 cod.
775 3463 841 3526 195,
855 3459 888 3511 et
908 3447 1017 3511 statim
1042 3459 1118 3531 post
1138 3446 1293 3532 ἀπορρήτων
1314 3467 1373 3531 pro
1394 3445 1543 3529 ἀφορήτων.

507 3535 561 3597 Ita
574 3533 657 3597 infra
670 3533 711 3596 ad
725 3554 800 3618 pag.
813 3547 883 3598 401.
899 3532 956 3596 tin.
968 3546 998 3596 3.
1013 3532 1107 3596 nobis
1128 3532 1268 3597 occurrit
1288 3531 1445 3619 ἀπορρήτων
1464 3536 1543 3618 α’νγα-

506 3623 576 3694 θῶν.
620 3619 682 3682 Sed
698 3632 805 3681 tamen
819 3618 948 3682 lectioni
962 3618 1110 3682 Junianae
1129 3617 1270 3703 ἀφορήτων
1287 3616 1456 3696 Comitatus
1469 3638 1546 3682 cum

507 3703 626 3767 duodus
643 3702 751 3768 citeris
776 3703 897 3768 Geoecis
915 3703 1066 3767 codicibus
1081 3703 1316 3812 patrocinatur.
1360 3704 1444 3767 Mox
1463 3701 1548 3767 infra

508 3789 552 3853 ad
574 3810 650 3875 pag.
664 3801 734 3853 401.
753 3788 810 3854 lin.
824 3803 854 3853 3.
869 3787 972 3868 οἵοεταρ
989 3810 1049 3875 pro
1068 3813 1170 3868 ενοετας
1191 3788 1290 3853 habet
1310 3788 1403 3853 codex
1423 3800 1491 3864 178.
1514 3800 1549 3853 et

509 3875 618 3953 οἶσέςταρ
632 3875 696 3938 cod.
713 3890 779 3952 195.

556 3962 591 4025 P.
604 3973 674 4024 400.
690 3961 756 4024 Ι.6.
783 3961 815 4023 τῦ
839 3961 920 4041 μηδὲν
945 3959 1037 4037 diioui
1063 3961 1130 4046 crept
1155 3957 1303 4038 βαονλνέας
1328 3962 1443 4044 οὐρανῶν
1470 3959 1550 4112 &ci

510 4045 602 4110 Hinc
613 4045 720 4131 palam
732 4057 792 4122 est,
805 4044 892 4108 haud
903 4045 1100 4110 existimasse
1113 4045 1321 4131 Dionysium,
1331 4045 1455 4109 celebre
1467 4045 1525 4111 illu

510 4136 613 4211 τμῆμα
633 4130 720 4216 apud
738 4131 860 4195 Jobum
882 4130 1038 4215 pertinere
1059 4130 1100 4194 ad
1122 4144 1325 4194 mortuorum
1345 4132 1552 4198 resurrectio·

513 4237 600 4280 nem.

559 4300 644 4365 Ibid.
658 4302 680 4366 l.
699 4315 744 4365 15.
767 4302 788 4386 ti,
808 4303 1019 4385 ἐπεγγελῶντας
1036 4301 1124 4383 αὐτῷ]
1145 4301 1195 4365 Ita
1211 4322 1250 4364 ex
1268 4299 1368 4365 codice
1383 4315 1449 4380 195.
1464 4298 1551 4365 edidi

513 4407 575 4471 pro
597 4386 619 4471 οὲ
642 4385 873 4470 ἐταγγέλλοντας
895 4391 981 4471 αὐτῷ,
995 4386 1052 4450 ubi
1075 4388 1156 4448 αὐτὸν
1173 4386 1241 4450 vult
1253 4386 1369 4452 Junius
1389 4405 1551 4471 reponere.

516 4471 716 4535 Sententiam
732 4470 841 4534 omisit
855 4482 939 4534 vetus
954 4472 1114 4555 interpres.

561 4557 595 4618 P.
609 4568 680 4620 401.
697 4557 720 4620 l.
733 4572 763 4619 3.
785 4555 1303 4645 συνειδότες-ἔχοντες-μετέχοντες]
1331 4557 1392 4622 Pto
1417 4553 1468 4619 hie
1493 4578 1553 4621 uo·

515 4640 676 4706 minativis
700 4642 767 4705 sine
788 4640 913 4707 sontica
934 4647 1031 4708 c'ausa
1050 4642 1162 4732 reponi
1175 4641 1371 4710 vulttunius
1386 4641 1554 4718 ονναδόταν,

516 4725 647 4817 ἐχόντων,
660 4725 846 4814 μετεχόντων.
