4092 5675
706 753 759 821 nr
781 752 1197 824 carrrsrosmrrn.
1414 713 1475 843 ‘19-

432 916 674 1002 ists,;Pbotium
687 924 773 989 enim
788 924 888 1002 aiunt,
904 923 960 989 sed
974 924 1038 988 alio
1053 923 1182 1012 quidem
1199 923 1286 1003 loco,
1300 923 1386 990 hun'c
1400 927 1480 994 Ia·-

431 1008 623 1095 byrinthum
640 1007 723 1074 Caio
736 1010 929 1075 attribuisse.
972 1010 1194 1075 Nihilominus
1208 1032 1228 1074 s
1242 1010 1324 1074 Caio
1338 1012 1477 1098 abjudi·=

430 1093 573 1158 candum
593 1116 677 1181 opus
700 1117 780 1173 esse,
796 1095 844 1159 rel
863 1108 949 1160 certe
964 1118 1031 1160 rem
1046 1095 1079 1159 in
1094 1096 1193 1160 dubio
1214 1095 1473 1182 relinquendam,¹

431 1191 563 1244 censent
578 1203 655 1244 cum
670 1180 833 1245 Fabricius
855 1180 895 1245 ad
916 1181 1047 1246 Hieron.
1069 1203 1175 1267 supra,
1194 1193 1264 1246 tum
1284 1183 1476 1251 Lardnenu.

432 1264 486 1328 De
502 1264 587 1328 Hist.
604 1266 730 1353 Evong.
747 1266 822 1329 Fide
844 1281 925 1352 part.
939 1267 971 1330 ii.
991 1267 1048 1331 lib.
1064 1267 1108 1330 iii.
1123 1289 1194 1352 cap.
1207 1282 1257 1331 32.
1278 1270 1307 1350 ς.
1326 1282 1352 1331 1.
1369 1290 1477 1355 propa.

431 1362 519 1414 terea
532 1353 622 1437 quod
644 1352 653 1415 i
679 1373 808 1416 notasse
828 1353 968 1417 auctoris
990 1374 1107 1417 nomen
1129 1352 1287 1417 Eusebius
1307 1353 1469 1442 Hierony·

431 1458 575 1522 musque
584 1450 619 1500 et
630 1373 854 1503 Tboodoretus
868 1437 1043 1502 rideantur.
1074 1440 1145 1502 lmo
1159 1459 1232 1502 nero
1248 1438 1354 1503 Photii
1367 1439 1469 1525 ipsius

431 1522 539 1598 verba,
554 1544 651 1607 quem
673 1523 776 1587 solum
796 1524 897 1588 secuti
915 1545 998 1609 opus
1014 1524 1096 1588 Caio
1114 1523 1303 1602 attribuunt,
1318 1546 1385 1588 rem
1402 1547 1476 1591 nou

429 1629 472 1670 ex
485 1608 615 1693 propria
629 1608 729 1693 ipsius
750 1608 868 1685 photii,
884 1609 940 1673 sed
958 1610 1060 1673 aliena
1073 1625 1197 1674 tantum
1212 1608 1369 1673 sententia
1381 1609 1468 1674 edis·

431 1706 552 1756 serunt.
596 1694 706 1757 Verba
730 1693 886 1758 Photiana
899 1717 918 1758 s
932 1695 1062 1760 Valesio
1076 1718 1172 1779 supra
1185 1694 1323 1758 adducta
1337 1694 1369 1759 in
1384 1716 1474 1781 pree·-

431 1800 504 1841 sens
518 1776 652 1855 omitto;
668 1779 724 1843 sed
737 1780 791 1843 illa
805 1779 904 1844 altera
919 1802 958 1844 ex
971 1781 1086 1845 eodem
1101 1781 1205 1866 capite
1217 1803 1236 1844 a
1246 1781 1369 1845 caeteris
1383 1780 1470 1846 erci-

430 1876 499 1927 tata
509 1865 703 1949 quibusdam
719 1864 876 1929 debentur
888 1866 1159 1944 annotationibus,
1169 1888 1249 1951 quas
1263 1867 1295 1930 in
1308 1888 1405 1951 opere
1418 1867 1470 1933 De

433 1951 538 2013 Coruo
552 1949 693 2013 Universi
707 1950 839 2015 Photius
851 1952 1012 2016 invenerat
1023 1952 1209 2037 adscriptas.
1240 1952 1470 2018 Potesttamen

431 2034 511 2113 lieri,
526 2048 574 2098 ut
585 2050 706 2101 veteres
725 2037 840 2115 critici,
855 2038 910 2122 qui
932 2037 1005 2101 Caii
1026 2059 1095 2101 esse
1116 2037 1204 2101 hunc
1226 2036 1343 2105 librum
1363 2038 1471 2124 Laby-

429 2120 574 2184 rintbum
596 2136 743 2185 vocatum
765 2123 923 2200 dixerunt,
940 2140 1024 2187 recte
1045 2122 1077 2186 id
1098 2123 1243 2200 fecerint,
1258 2123 1367 2208 scripti
1381 2123 1470 2189 enim

431 2227 536 2292 neque
549 2219 679 2291 tempus
693 2230 751 2271 nec
766 2208 889 2271 indoles
910 2208 985 2273 buis
1003 2208 1146 2293 opinioni
1164 2210 1352 2293 refragatur.
1398 2209 1469 2273 Sal·
1547 2264 1553 2271 ,

431 2304 501 2356 tem
524 2292 641 2377 aequali
666 2293 794 2357 cuidam
818 2294 891 2358 Caii
913 2293 1089 2380 adjudicari
1112 2294 1220 2370 debet,
1244 2307 1280 2356 ut
1303 2315 1341 2356 ex
1366 2292 1471 2359 verbis

431 2376 533 2461 ipsius
554 2378 720 2463 scriptoris
742 2378 902 2443 evidenter
928 2393 1028 2464 patet,
1054 2378 1172 2464 quippe
1196 2378 1251 2463 qui
1277 2377 1318 2441 de
1342 2399 1374 2441 re
1396 2400 1470 2464 quar

432 2463 613 2549 Zephyrini
626 2475 770 2549 tempore
784 2464 932 2550 contigit,
946 2466 992 2529 ita
1006 2464 1134 2528 locutus
1148 2475 1196 2528 est
1209 2487 1218 2540 ;
1240 2462 1385 2544 ὑπομνήσω
1403 2471 1471 2548 γοῦν

431 2550 561 2623 πολλοὺς
574 2557 628 2611 τῶν
643 2551 764 2631 ἀδελφῶν
780 2554 911 2637 πρᾶγμα
930 2553 969 2633 ἐφ’
985 2556 1059 2632 ἡμῶν
1072 2550 1224 2637 γινόμενον.
1251 2548 1470 2624 Narcisso—ou

431 2634 542 2711 vaibar,
557 2635 623 2697 ἀλλ’
646 2635 688 2697 ἐπὶ
706 2643 762 2699 τῶν
781 2636 917 2720 ἡμετέρων
931 2636 1073 2720 γενόμενος
1087 2642 1198 2720 καιρῶν.
1229 2634 1305 2699 Vid.
1320 2657 1419 2720 supra
1428 2633 1472 2700 ad

432 2741 487 2803 pp.
499 2734 528 2782 8.
541 2725 575 2783 e't'
585 2738 615 2797 9.
639 2721 730 2784 Obiit
745 2733 820 2792 nero
831 2722 1036 2809 Zepbyriuus
1049 2724 1213 2786 Romanus
1224 2720 1394 2805 episcopus
1409 2720 1473 2784 cir-

433 2806 513 2869 citer
528 2828 579 2868 sn.
593 2812 663 2870 216.
700 2806 757 2870 Ait
772 2806 901 2893 quidem
928 2808 1059 2872 Pbotius
1082 2808 1112 2870 in
1135 2807 1208 2871 loco
1225 2827 1244 2869 a
1262 2806 1392 2870 Valesio
1412 2805 1471 2871 ad·

375 2957 380 2971 .
433 2893 533 2957 ducto
549 2908 710 2956 narratum
726 2916 796 2956 esse
810 2919 829 2956 a
843 2896 1046 2980 quibusdam,
1062 2893 1223 2978 scripsisse
1240 2893 1356 2956 Caium
1370 2893 1471 2959 alium

457 2991 588 3040 raeterea
602 2979 720 3041 librum
736 2991 848 3043 contra
862 2979 1049 3043 Artemonis
1064 2979 1232 3056 boeresim3
1255 2977 1311 3041 sed
1326 2978 1472 3063 profecto

434 2997 520 3126 bunc
541 3063 660 3127 librum
676 3064 836 3128 diversum
853 3087 922 3128 esse
942 3087 961 3129 a
982 3067 1081 3128 Parvo
1103 3063 1314 3150 Labyrinth0,
1329 3063 1355 3126 si
1371 3061 1473 3130 modo

434 3148 544 3213 omnia
556 3166 724 3213 auctorum
738 3150 931 3226 testimonia,
942 3165 976 3214 et
988 3150 1121 3214 fortasse
1135 3150 1234 3235 ipsius
1248 3148 1353 3213 Photii
1365 3149 1472 3228 verba,
1563 3163 1567 3171 '

435 3255 508 3296 nam
522 3235 656 3298 minime
667 3234 789 3321 liquida
801 3257 839 3300 ac
855 3234 1004 3299 distincta
1016 3248 1102 3311 sunt,
1114 3237 1195 3298 inter
1208 3258 1242 3298 se
1256 3236 1472 3312 conl'erantur,

435 3318 484 3382 vix
499 3319 695 3385 credendum
711 3336 772 3384 est.
806 3321 854 3385 At
875 3344 949 3384 voro
973 3320 1181 3406 probabiliter
1194 3318 1323 3404 quidem
1338 3333 1473 3386 contena-

434 3403 510 3469 dere
535 3408 607 3490 quis
630 3407 742 3490 possit,
764 3428 860 3491 opus,
882 3406 924 3470 de
948 3429 1013 3492 quo
1038 3406 1177 3491 agimus,
1202 3406 1333 3468 Parvum
1360 3405 1472 3491 Laby-

435 3490 589 3570 rinthum,
605 3492 851 3556 adscribendum
871 3492 1054 3578 Hippolyto
1074 3512 1155 3569 esse,
1177 3512 1197 3553 a
1214 3489 1341 3554 nemine
1363 3504 1472 3562 tamen

435 3576 658 3663 adbuc,·quod
673 3577 783 3655 sciam,
797 3577 830 3641 in
846 3577 906 3641 hsc
922 3594 1011 3663 parte
1024 3591 1291 3641 commemorato.
1329 3577 1367 3640 In
1383 3595 1473 3640 cata·

434 3662 515 3744 logo
534 3664 619 3725 eninr
643 3685 824 3726 marmoreo
842 3684 976 3746 operum
996 3663 1078 3748 ejus,
1095 3665 1205 3726 Romae
1227 3661 1334 3724 medio
1353 3662 1474 3727 soeculo

434 3747 564 3814 decimo
579 3762 670 3811 sexto
684 3761 822 3834 reperto,
833 3748 1025 3812 adscribitur
1037 3749 1066 3812 ei
1082 3747 1176 3811 Liber
1190 3757 1295 3811 contra
1310 3746 1474 3812 Platonem

432 3831 472 3895 de
488 3831 647 3912 lsrrivmo,
661 3833 807 3897 Pbotisni
823 3848 930 3898 autern
945 3832 1058 3911 critici,
1071 3833 1111 3897 de
1125 3833 1241 3918 quibus
1253 3832 1351 3918 paulo
1365 3853 1474 3917 supra,

434 3932 600 3982 auctorem
624 3920 752 3985 aiebant
769 3919 864 3982 Parni
882 3917 1071 4004 Lolyrimlti
1093 3919 1154 3982 fine
1176 3919 1280 4003 operis
1303 3919 1352 3981 sui
1374 3930 1474 3982 testa·

434 4016 505 4071 turn
527 4005 693 4090 reliquisse
713 4004 900 4090 scriptorem
925 4027 957 4067 se
977 4027 1047 4068 esse
1063 4004 1150 4067 Libri
1165 4003 1203 4067 de
1220 4003 1376 4068 Univerto.
1418 4005 1473 4070 Au

435 4111 510 4152 vero
532 4089 617 4152 idern
641 4090 738 4157 fuerit
760 4104 854 4175 atque
876 4090 948 4166 iste,
971 4089 1002 4153 id
1024 4089 1085 4154 sibi
1109 4088 1249 4153 nondum
1274 4088 1406 4173 liquere,
1428 4090 1474 4154 ait

437 4174 583 4238 Pbotius.
612 4175 703 4239 istud
716 4189 822 4239 autem
838 4197 919 4260 opus
935 4175 1016 4238 Caio
1033 4175 1234 4239 vindicabant
1248 4175 1343 4237 iidem
1360 4174 1474 4254 critici,

427 4260 556 4344 quippe
576 4261 630 4346 qui
651 4261 886 4347 Labyrintbum
907 4282 926 4324 a
949 4260 1031 4324 Caio
1052 4259 1268 4345 compositum
1289 4259 1387 4323 fuisse
1408 4272 1474 4324 sta·

426 4346 581 4410 suebant.
621 4347 685 4409 Sed
699 4346 760 4410 bac
774 4345 816 4409 de
830 4368 864 4411 re
878 4346 961 4409 infra
975 4346 1015 4410 ad
1031 4345 1144 4408 barum
1160 4359 1308 4409 notarum
1324 4345 1431 4409 linem.

427 4471 434 4482 ·
479 4429 568 4495 Cum
591 4453 667 4495 vero
690 4430 790 4516 aliqui
812 4431 902 4509 olim,
923 4445 1005 4495 teste
1026 4431 1142 4494 eodem
1165 4430 1293 4506 Photis,
1313 4429 1476 4508 dixerunt,

426 4514 613 4600 Origenem
637 4517 735 4581 fuisse
759 4517 945 4603 scriptorem
969 4515 1172 4602 Labyrintbi,
1195 4516 1229 4581 id
1250 4513 1475 4580 'l'beodoretus

424 4599 523 4664 baud
550 4622 660 4665 rerum
686 4601 948 4688 essejudicsrit.
994 4602 1181 4686 Priusquam
1204 4600 1290 4665 enim
1312 4621 1475 4666 summam

435 4685 561 4774 colligit
581 4686 736 4767 historiar,
753 4709 826 4776 quae
847 4687 1003 4774 sequitur,
1021 4686 1062 4752 de
1082 4686 1204 4766 Natali,
1225 4698 1322 4772 atque
1343 4705 1485 4774 corrup·-

751 4797 760 4809 “
934 4793 954 4836 0
967 4785 986 4836 2
1435 4818 1436 4821 =
