4092 5675
503 793 568 861 ιιι
640 733 648 790 ⁵
839 775 1199 845 anuomnouss

504 946 628 1013 Melohi
640 969 699 1034 pro
714 945 844 1012 Matbat
857 947 976 1034 posuit.
999 951 1042 1014 Et
1052 948 1244 1015 Ambrosius
1258 948 1290 1013 in
1304 946 1361 1014 lib.
1373 946 1419 1014 iii.
1436 947 1538 1032 Com·

503 1031 731 1098 menteriorum
743 1032 776 1097 in
787 1034 920 1098 Lucam.
935 1035 1142 1100 Vaaasrus.
1165 1038 1294 1121 Ergone
1305 1033 1386 1099 illud
1397 1041 1539 1122 evange·

502 1118 597 1198 listae,
611 1121 647 1193 ὠς
661 1117 806 1202 ἔνιμίζιπο,
821 1141 915 1185 sensu
920 1121 1073 1269 proprio,
1087 1132 1123 1185 at
1139 1120 1206 1209 lege
1220 1120 1372 1185 sancitum
1388 1130 1447 1199 est,
1460 1139 1536 1185 auc·-

505 1217 556 1268 tor
575 1204 798 1291 interpretatus
820 1208 890 1269 est?
954 1206 975 1269 d
1010 1206 1142 1271 ectionis
1165 1206 1347 1270 varietatem
1367 1229 1386 1270 a
1404 1205 1535 1272 Valerio

503 1302 712 1354 memoratam
724 1290 812 1377 quod
824 1303 958 1377 spectat,
967 1293 1105 1356 Joannes
1118 1292 1244 1356 Millius
1255 1292 1295 1355 ad
1307 1290 1371 1355 loc.
1383 1293 1417 1355 S.
1425 1293 1534 1369 Lueae,

503 1374 599 1461 inque
612 1374 705 1440 Prole
728 1399 818 1439 onim.
840 1398 898 1440 nos
921 1377 1059 1455 monuit,
1074 1377 1201 1441 obstare
1221 1377 1428 1441 universalem
1444 1375 1533 1440 codi-

502 1482 577 1525 cum
591 1461 622 1525 in
637 1461 680 1524 ho
704 1471 790 1525 rema
802 1461 940 1526 lectione
954 1483 1158 1542 consensum,
1170 1485 1235 1549 quo
1249 1461 1354 1527 minus
1370 1462 1534 1526 videantur

503 1543 651 1631 primitus
678 1546 818 1612 abfuisse
844 1544 897 1610 hae
919 1547 1021 1633 γιιέιη,
1050 1570 1129 1634 quas
1157 1549 1244 1613 solus'
1270 1547 1454 1626 Africanus,
1480 1559 1536 1612 aut

393 1633 401 1652 ‘
502 1633 598 1697 etiam
618 1635 771 1712 lrenaeus,
787 1634 920 1696 fortasse
935 1634 966 1697 in
981 1632 1148 1698 codicibus
1167 1634 1233 1698 suis
1253 1655 1318 1698 non
1339 1632 1537 1710 invenerintr

503 1717 575 1810 illos
600 1718 685 1782 enim
707 1718 901 1803 Gregorium
926 1734 1109 1820 utrumque,
1130 1718 1352 1796 Ambrosium,
1374 1717 1533 1804 Augusti·-

503 1819 732 1953 ababa?
752 1801 942 1954 billi·
957 1803 1113 1953 liin
1138 1805 1537 1956 'Ziaif‘llnll'lilili

503 1974 610 2060 script.
628 1976 679 2038 De
694 1974 890 2061 Genealogiis
903 1977 978 2040 Jesa
995 1965 1123 2051 Christi,
1139 1990 1220 2061 part.
1232 1913 1265 2039 il.
1280 1911 1360 2039 seit.
1369 1980 1401 2038 6.
1472 1986 1534 2038 tta·

502 2081 576 2123 men
596 2072 705 2125 censet
725 2059 904 2124 Bernardus
926 2062 1030 2148 Lamy
1043 2062 1076 2124 in
1091 2061 1243 2125 Hormou.
1259 2079 1358 2160 pagg.
1369 2072 1420 2124 28.
1435 2072 1470 2123 et
1482 2073 1532 2125 ³1.

503 2166 598 2231 quem
622 2145 738 2211 excitat
759 2146 800 2210 ad
821 2144 855 2209 h.
870 2145 892 2209 l.
916 2145 1116 2225 Gallandius,
1137 2146 1170 2210 iu
1190 2160 1281 2211 tomo
1300 2145 1335 2210 ri.
1360 2141 1532 2208 Bibliothe-

503 2251 550 2294 ιω
565 2252 630 2295 suae
646 2234 713 2296 PP.
729 2232 811 2296 banc
833 2231 977 2317 epistolae
999 2245 1122 2318 partem
1145 2253 1185 2296 ex
1205 2231 1345 2295 Eusebio
1366 2237 1534 2316 praestana,¹

502 2316 630 2381 easdem
645 2318 741 2403 γενέας
759 2319 793 2382 in
812 2316 955 2381 codicem
977 2338 1102 2394 sacrum
1119 2316 1260 2382 nondum
1275 2316 1410 2380 insertas
1426 2314 1532 2394 fuisse,

502 2423 540 2466 ea
554 2421 618 2490 qua
632 2404 801 2468 Africanus
815 2401 938 2467 vivebat
952 2415 1057 2467 aetate.
1090 2405 1188 2468 Porro
1202 2400 1312 2466 eadem
1328 2421 1461 2487 prorsus
1476 2421 1532 2464 no·

501 2489 600 2568 mina,
621 2496 658 2551 πᾶ
685 2494 826 2568 Ματθάτ,
847 2494 884 2551 τῦ
905 2488 983 2567 Aeol,
1005 2488 1047 2552 ad
1067 2510 1186 2553 comm.
1208 2507 1337 2575 quoque
1358 2500 1408 2565 29.
1431 2483 1531 2574 ejuid.

502 2595 572 2662 cap.
591 2588 669 2672 post
688 2595 883 2661 comparere,
902 2586 1014 2638 monet
1029 2574 1107 2638 Gul.
1122 2573 1223 2658 Wall.
1238 2575 1279 2637 V.
1294 2570 1339 2636 D.
1354 2571 1449 2635 Notis
1466 2569 1533 2636 cru·

503 2659 572 2723 rica
587 2682 621 2723 ιιι
635 2661 716 2723 Test.
730 2661 808 2723 Non.
824 2659 963 2743 Anglica
977 2659 1088 2745 lingua
1101 2658 1238 2758 scriptis,
1253 2657 1295 2721 ad
1310 2679 1385 2744 pag.
1398 2664 1448 2721 64.
1471 2658 1531 2721 Ut-

502 2766 629 2830 cunque
644 2767 695 2809 res
709 2745 817 2823 habet,
832 2744 1045 2829 praetermissa
1067 2757 1142 2809 sunt
1162 2767 1193 2808 m
1210 2742 1532 2808 Africanicodicibm

502 2844 535 2894 et
546 2829 693 2895 Mottlat
707 2845 741 2895 et
754 2828 842 2908 Levi,
853 2853 916 2894 non
931 2844 968 2895 ut
979 2830 1127 2895 Valesius
1142 2853 1180 2895 ex
1196 2827 1285 2895 Beda
1298 2828 1402 2909 affert,
1416 2825 1531 2895 Melea

502 2916 657 3002 scriptum
672 2916 735 2980 fuit
750 2936 808 3003 pro
822 2914 979 2979 Marthae.

547 3003 581 3066 P.
597 3016 663 3065 120.
677 3002 701 3065 l.
720 3016 765 3065 15.
787 3003 857 3088 ἀχρὶ
872 3000 955 3076 ribus
971 3000 1119 3086 ἐσιώπησε]
1132 3002 1202 3088 ἀχρὶ
1214 3005 1272 3086 γὰρ
1285 3027 1312 3063 τ.
1327 3003 1350 3063 ἒ.
1364 2999 1442 3064 MS.
1454 3001 1530 3065 Nor·

490 3086 574 3174 falc.
593 3089 728 3151 fortasse
748 3108 807 3173 pro
826 3087 899 3174 ἀχρί
911 3112 946 3172 γι
960 3114 988 3152 τ.
1006 3091 1029 3155 i.
1045 3087 1214 3165 ἁνισιῶπησε
1228 3085 1358 3170 Niceplr.
1380 3086 1532 3150 mendose

502 3195 560 3260 pro
575 3173 761 3251 ἀπεσιώπησε,
777 3175 864 3260 quod
883 3172 989 3237 Oratio
1005 3173 1102 3237 habet
1117 3175 1168 3236 De
1181 3171 1290 3236 Natio.
1304 3172 1345 3234 Β.
1360 3170 1505 3247 Mariae.
1526 3176 1528 3181 ’

545 3259 629 3324 lbid.
645 3259 666 3323 l.
682 3266 729 3323 16.
752 3257 799 3334 ἕως
812 3266 849 3323 τᾶ
863 3262 957 3341 ‘Ataia
968 3261 1016 3322 nal
1030 3266 1067 3322 τέ
1083 3260 1160 3342 Gari]
1175 3257 1288 3322 Nostri
1301 3256 1431 3321 codices
1444 3258 1529 3321 Μαι.

501 3368 539 3411 ac
559 3344 651 3410 Med.
672 3366 747 3410 cum
767 3346 850 3410 Fuk.
873 3367 910 3410 ac
931 3345 1027 3409 Savil.
1048 3343 1235 3430 particulam
1259 3343 1451 3406 interserunt
1472 3342 1529 3407 hoc

500 3432 600 3497 modo
617 3431 665 3505 ’ἕως
683 3437 720 3494 rai
743 3434 836 3513 Ἀδὰμ
856 3433 904 3494 καὶ
917 3437 966 3494 τοῦ
980 3434 1054 3506 aaa,
1068 3429 1158 3515 quod
1171 3428 1299 3515 quidem
1316 3427 1397 3492 mihi
1413 3427 1530 3493 videtur

498 3517 689 3604 elegantius.
736 3516 843 3603 Atque
864 3516 910 3580 ita
929 3515 1010 3612 legit
1031 3515 1163 3579 Rufinus
1188 3527 1223 3577 ut
1245 3535 1288 3611 ex·
1303 3513 1448 3577 versione
1465 3512 1528 3611 ejua

500 3598 1531 3773 111111111ξὲ11·...1111111111121111ιιῗ11111

499 3776 557 3840 tris
570 3774 647 3838 MS.
663 3769 801 3857 Norfolc.
816 3769 959 3834 Macarii
974 3772 1091 3835 Calena
1111 3769 1238 3850 inedita,
1254 3767 1436 3854 Mceplroro,
1454 3768 1528 3833 Ora-

501 3861 644 3946 tioaeque
665 3879 750 3944 saepe
769 3871 1032 3922 commemorata.
1068 3855 1131 3921 Vel
1150 3855 1271 3919 librarii
1290 3855 1339 3920 vel
1359 3856 1428 3941 ipse
1443 3840 1533 3919 Alii·-

500 3968 610 4023 canus,
626 3945 659 4008 S.
674 3946 797 4007 Lucam
813 3942 929 4006 imitati
944 3957 1028 4007 sunt.

544 4031 628 4095 lbid.
643 4029 665 4093 l.
683 4041 730 4104 17.
752 4028 825 4091 Οὐδὲ
839 4028 905 4111 μὴν]
923 4029 980 4091 οὐδὲ
993 4029 1043 4110 μὲν
1056 4027 1175 4113 Margo
1188 4026 1234 4090 ed.
1254 4025 1367 4089 Gener.
1398 4027 1472 4089 viiiv
1482 4025 1528 4109 ptr
1556 4042 1558 4047 '

501 4116 617 4203 Margo
639 4113 799 4179 Jonesiaai
826 4114 960 4198 Exemp.
986 4112 1207 4198 Lectionasque
1233 4110 1338 4195 Stepli.
1361 4113 1527 4175 Srnorn.

501 4202 559 4265 οὐδὲ
579 4201 630 4281 μὲι
650 4201 768 4286 Margo
792 4197 955 4263 Bodleiani
977 4200 1111 4282 Exemp.
1136 4197 1285 4282 impressi.
1313 4197 1441 4279 lazapo
1458 4192 1527 4261 coll

462 4304 464 4309 '
502 4285 601 4352 Saoil.
615 4306 673 4349 seu
685 4282 778 4348 Bodl.
793 4284 824 4348 in
840 4306 905 4370 quo
919 4289 977 4370 γὰρ
991 4305 1050 4369 pro
1065 4289 1120 4368 γὲν
1134 4283 1243 4347 statim
1258 4296 1333 4367 post
1347 4282 1507 4347 scribitur.

546 4375 579 4438 P.
594 4384 659 4434 121.
676 4369 698 4432 l.
712 4385 742 4434 5.
762 4370 943 4456 Ἀντίπατρον
956 4368 1079 4454 Ἡρώδου
1094 4371 1175 4453 τινὸς]
1192 4371 1274 4432 Haec
1291 4368 1428 4432 narratio
1441 4388 1530 4453 pror·

500 4481 555 4525 sus
565 4455 715 4522 'fabulosa
729 4468 777 4519 est
788 4469 821 4519 et
836 4454 1071 4519 commenticia.
1115 4455 1203 4518 Nam
1217 4452 1388 4538 Antipater
1408 4466 1532 4552 patrem,¹

500 4544 613 4610 habuit
636 4563 699 4605 non
718 4540 885 4606 Herodem
907 4539 1123 4606 Hierodulum
1146 4539 1258 4625 templi
1280 4538 1453 4624 Apolline,
1476 4532 1531 4602 eod

499 4630 707 4715 Antipatrum
733 4627 926 4707 Idumaeum‚
953 4638 989 4689 ut
1017 4624 1126 4689 scribit
1150 4623 1309 4710 losepbus
1335 4623 1368 4701 in
1393 4624 1449 4688 lib.
1470 4622 1528 4686 xiv.

499 4736 570 4804 cap.
582 4729 612 4783 2.
641 4715 751 4801 Quem
765 4711 971 4798 Antipatrum
986 4710 1170 4776 Alexander
1182 4710 1369 4776 Judaeorum
1385 4730 1440 4775 rex
1453 4709 1528 4774 ·Por·¹
