4092 5675
735 725 1126 796 runromomuu.
1403 732 1445 821 ⁶3

424 911 567 1051 patiatur,
582 897 683 974 πόλεις
702 898 731 963 ll
751 903 818 963 είσιν
836 898 917 979 αὗται
930 899 1027 986 alapas
1041 904 1088 976 τῆς
1102 896 1242 988 Φρυγίας,
1257 898 1386 966 Eusebii
1401 900 1447 967 vi·

444 998 531 1052 entur
543 1007 627 1051 esse.
657 985 740 1050 Mox
754 1006 814 1072 pro
830 990 1001 1071 συναγαγεῖν
1016 985 1113 1050 habet
1128 989 1341 1071 συνεισαγαγεῖν
1353 986 1448 1052 Nice-

411 1071 538 1157 ploras,
552 1073 586 1136 e't
598 1071 689 1135 θέλαν
703 1093 763 1159 pro
779 1070 881 1135 ibinus
894 1072 971 1135 MS.
987 1070 1128 1157 Norfolo.

457 1159 490 1223 P.
503 1171 554 1222 55.
568 1157 591 1221 l.
607 1169 654 1220 14.
678 1164 693 1235 ἡ
708 1155 877 1220 διδασκαλία
891 1165 940 1219 τοῦ
954 1157 1044 1240 λόγον]
1061 1161 1135 1221 αὐτοί
1150 1180 1208 1243 pro
1226 1160 1263 1218 τῦ
1280 1154 1354 1240 λίγα
1370 1156 1447 1223 MS.
1529 1187 1534 1198 ·
1584 1146 1589 1159 ⁵

413 1241 554 1330 Narfole.
593 1240 658 1307 uod
672 1241 769 1308 etiam
789 1255 877 1306 vetus
899 1242 1053 1327 interpres
1075 1243 1190 1341 legisse
1206 1241 1341 1320 videtur,
1356 1243 1450 1308 vertit

412 1329 498 1395 euim
526 1266 672 1407 Rubuus,
695 1338 731 1392 ut
750 1342 809 1414 per
830 1326 896 1391 laaec
918 1327 1045 1392 invitati
1067 1328 1187 1393 errzxias
1208 1327 1359 1392 doctrinae
1382 1329 1451 1414 ejas

412 1429 537 1500 operam
549 1413 724 1499 praebeant.

454 1501 489 1565 P.
501 1505 552 1565 ⁵6.
568 1499 591 1563 l.
606 1515 633 1562 1.
656 1504 743 1575 αὖτοὶς
757 1500 876 1587 στρώτας
890 1503 941 1574 τοὶς
957 1499 1128 1587 προφήτιδας
1145 1500 1267 1584 ταύτας]
1284 1502 1449 1566 Absunta

411 1583 510 1652 codice
525 1583 667 1672 Narfolc.
683 1606 775 1649 voces
795 1585 914 1673 στρώτας
934 1598 967 1648 et
985 1584 1100 1665 ταύτας,
1114 1609 1134 1650 a
1148 1586 1317 1671 Nicepllara
1330 1586 1448 1667 ταύτας,

410 1669 466 1760 qul
479 1693 559 1735 mox
572 1669 672 1737 habet
685 1671 820 1745 λιπούσαις
835 1694 894 1757 pro
909 1672 1129 1746 καταλιπούσας.

453 1756 538 1822 Ibid.
564 1755 587 1820 l.
606 1771 637 1821 3.
667 1757 813 1845 Πρίσκαν]
838 1756 1019 1844 Πρισκίλλοιν
1041 1757 1091 1821 ed.
1118 1757 1230 1843 Steph.
1275 1760 1313 1822 In
1337 1758 1450 1824 codice

410 1841 503 1908 Med.
521 1842 611 1908 Maa.
626 1856 659 1907 et
672 1841 756 1907 Fuk.
773 1857 806 1906 et
825 1841 911 1928 apud
930 1841 1152 1928 Nicephorum
1170 1843 1290 1929 legitur
1304 1845 1448 1931 Πρίσκαν,

410 1950 507 2016 quam
524 1926 716 2015 scripturam
735 1928 902 1992 confirmat
924 1930 1018 1993 etiarn
1042 1929 1186 1993 Rufinus.
1231 1930 1294 1994 Sed
1316 1947 1349 1994 et
1371 1931 1449 1994 Ter-

409 2011 565 2080 tullianus
587 2025 621 2077 et
643 2013 842 2078 Firmilianus
864 2012 980 2099 aliique
1004 2013 1142 2079 Priscam
1166 2016 1450 2096 nominarit..Vs-

411 2119 562 2165 mistus·
606 2099 738 2183 Πρίσκαν
758 2099 877 2164 habent
896 2098 998 2164 MSS.
1019 2122 1148 2186 quoque
1170 2098 1269 2164 Sauil.
1284 2125 1340 2165 seu
1354 2100 1449 2166 Bodl.

408 2196 442 2248 et
454 2181 599 2269 lllirrfole.
616 2207 769 2250 unacum
785 2184 848 2249 cad.
863 2183 965 2250 Vertat.
980 2185 1082 2249 Lectt.
1097 2198 1130 2249 et
1145 2185 1257 2272 Marg.
1269 2187 1316 2250 ed.
1333 2187 1448 2252 Genea.

409 2269 475 2334 Sed
492 2267 676 2356 Πρίσκιλλαν
691 2269 916 2335 diminutivum
935 2283 1022 2334 extat
1042 2293 1136 2355 supra
1156 2270 1190 2333 in
1211 2273 1446 2337 Sunnrtotvts

410 2354 615 2442 fragmentis
631 2355 671 2421 ad
688 2377 764 2442 pag.
776 2362 846 2436 469.
862 2356 919 2420 ubi
934 2354 1040 2419 AElius
1057 2355 1187 2419 Publius
1201 2355 1306 2420 Julius
1322 2357 1448 2443 episco-

408 2461 471 2530 pus
496 2439 581 2507 hanc
606 2433 829 2506 mulierculim
851 2439 1032 2505 Priscillam
1059 2440 1257 2519 nominabat,
1282 2465 1348 2528 quo
1373 2442 1449 2508 loco.

409 2525 498 2612 apud
513 2538 650 2591 veterem
693 2549 736 2590 uo
761 2547 801 2590 ue
820 2525 1024 2612 interpretem
1046 2526 1195 2590 Rufinum
1219 2526 1305 2590 idem
1329 2527 1449 2592 inveni-

409 2623 475 2676 tur.
512 2611 601 2711 Quin
614 2623 646 2711 et
662 2550 693 2675 ll
713 2550 859 2698 iplranius
876 2634 939 2676 non
954 2624 1081 2676 tantum
1095 2612 1169 2676 loco
1185 2611 1283 2676 modo
1298 2613 1448 2692 excitato,

409 2695 591 2761 sedetiam
615 2719 648 2760 m
671 2634 796 2762 Ploeresi
816 2696 913 2761 xlviii.
940 2720 1012 2796 quae
1040 2709 1089 2761 est
1114 2697 1449 2784 Catapltrygastarum,

409 2803 501 2847 num.
512 2796 543 2848 2.
558 2779 643 2847 hanc
655 2783 715 2847 scri
740 2795 842 2847 turam
859 2805 898 2847 ex
913 2782 1085 2869 antiquiori
1099 2783 1232 2848 fortasse
1247 2797 1377 2850 auctore
1392 2806 1448 2850 ex·

408 2867 512 2933 hibet.
538 2867 660 2933 Itidem
671 2869 705 2955 in
715 2805 809 2933 ltoer.
819 2868 914 2933 lxxix.
927 2891 1015 2933 num.
1029 2884 1056 2933 1.
1085 2870 1134 2933 Ita
1146 2870 1304 2935 Eusebius
1316 2892 1447 2957 quoque

406 2952 467 3019 lib.
478 2979 507 3019 v.
523 2952 612 3018 Hlsl.
627 2975 698 3041 cap.
713 2955 848 3019 14.-τὸν
864 2954 915 3037 μὲν
934 2953 1121 3042 παράκλητον
1135 2956 1288 3034 Μοντανίν,
1306 2963 1357 3031 τοὶς
1374 2959 1395 3020 δ’
1417 2960 1449 3034 ἐξ

407 3042 484 3103 edrai
501 3042 649 3124 pavetinas,
664 3039 846 3124 Πρίσκιλλαν
862 3040 910 3103 καί
926 3041 1126 3121 Μαξιμίλλαν,
1141 3041 1174 3115 ὡς
1191 3039 1224 3104 σίν
1237 3049 1284 3105 τοῦ
1303 3048 1448 3107 Martenoi

406 3124 783 3213 αριφῆτιὸαςγεγονσίαςα’
812 3131 898 3198 ὄντες.
929 3126 1000 3188 lmo
1013 3148 1085 3189 vero
1097 3139 1130 3189 et
1141 3126 1209 3212 ipse
1220 3127 1447 3208 Tertullianus,

408 3208 467 3297 qui
486 3208 590 3296 capite
611 3226 659 3274 10.
680 3202 737 3275 lib.
793 3209 935 3274 elieser.
953 3210 1063 3273 Carnis
1084 3211 1167 3276 hanc
1182 3210 1302 3275 Priscae
1318 3214 1455 3277 nomine.

407 3295 562 3381 appellat,
588 3295 680 3360 initio
706 3310 814 3361 tamen
836 3294 909 3360 libri
935 3297 986 3360 De
1011 3296 1142 3382 Jajaniis
1171 3297 1384 3361 Maximillam
1413 3311 1447 3363 et

407 3379 591 3445 Priscillam
613 3404 688 3445 cum
708 3382 874 3451 Montano
892 3403 951 3445 suo
972 3378 1104 3444 inducit.
1150 3380 1234 3445 Cum
1250 3382 1349 3466 igitur
1364 3382 1447 3447 hanc

407 3465 563 3530 Montani
583 3466 736 3531 asseclam
754 3489 819 3530 non
835 3477 958 3530 tantum
975 3465 1055 3530 alius
1070 3464 1133 3528 alio
1151 3467 1279 3530 nornine
1294 3467 1446 3552 appellet,

407 3550 466 3615 sed
480 3551 579 3615 etiam
593 3550 679 3635 idem
694 3552 824 3639 quoque
844 3551 980 3650 scriptor
1002 3573 1109 3616 secum
1132 3549 1319 3617 dissentiens
1340 3553 1385 3617 ita
1399 3554 1448 3620 fa-

407 3636 483 3715 ciat,
493 3636 629 3701 fortasse
644 3635 770 3717 διώνυμον
781 3636 977 3723 propudium
993 3636 1080 3702 istud
1095 3636 1236 3701 extitisse
1251 3639 1447 3704 censendum

407 3734 478 3798 est3
502 3720 552 3785 vel
576 3722 683 3820 potius
706 3722 889 3801 dicendum,
912 3722 1052 3787 Priscam
1075 3723 1123 3787 vel
1146 3723 1320 3787 Priscillam
1344 3725 1446 3810 ipsam

406 3806 507 3871 fuisse
522 3806 737 3871 indifferenter
754 3808 795 3872 ab
818 3806 887 3871 aliis
905 3808 1109 3895 appellatam,
1124 3808 1397 3894 quemadmodum
1413 3809 1447 3873 in

407 3890 578 3956 codicibus
605 3892 765 3957 nonnullis
791 3891 947 3978 Epistoloe
978 3892 1126 3957 Paulina>
1154 3893 1195 3957 ad
1223 3895 1377 3958 Romanos
1405 3894 1447 3964 ad

406 3999 480 4063 cap.
493 3977 555 4041 xvi.
572 3998 690 4041 comm.
702 3993 732 4042 3.
748 3978 844 4042 etiam
865 3979 898 4042 in
913 3979 969 4043 illo
984 3979 1079 4058 libro,
1117 4001 1159 4042 uo
1175 4001 1250 4043 usus
1267 3993 1315 4042 est
1331 3979 1448 4065 Orige-

407 4062 520 4143 nes,A
548 4062 621 4127 uilae
640 4085 731 4139 uxor,
747 4087 820 4150 quae
838 4063 869 4127 in
884 4063 976 4128 Actis
991 4001 1207 4149 Apostilaram
1230 4064 1371 4131 Priscilla
1390 4087 1446 4130 νο-

406 4160 511 4226 catur,
524 4085 630 4213 lrisca
645 4148 807 4212 nominata
821 4149 894 4213 fuit.
916 4148 992 4215 Vid.
1005 4150 1099 4236 Orig.
1114 4148 1282 4215 Garamam.
1295 4151 1328 4215 in
1338 4149 1445 4237 Epist.

385 4226 454 4298 -acl
465 4232 556 4297 Rom.
571 4231 628 4297 lib.
638 4256 669 4297 x.
687 4236 716 4317 ἕ.
737 4247 782 4298 18.
800 4256 832 4319 p.
844 4241 912 4299 681.
926 4233 977 4298 ed.
993 4232 1190 4299 Benedictin.

452 4318 537 4383 Ibid.
552 4317 575 4381 l.
588 4324 618 4385 6.
641 4323 685 4383 Οὐ
708 4320 782 4382 δοκεῖ
804 4322 860 4467 aar]
885 4320 1092 4406 Nicephorus
1114 4320 1148 4384 in
1170 4320 1228 4384 lib.
1242 4320 1283 4385 iv.
1308 4343 1381 4409 cap.
1395 4336 1445 4387 25.

407 4404 591 4489 negativam
613 4403 703 4468 addit
723 4404 847 4489 particu
861 4427 924 4482 am,
947 4410 976 4467 οὐ
998 4408 1071 4469 δοκεῖ
1090 4430 1145 4484 σοι,
1170 4406 1229 4471 bac.
1270 4408 1380 4492 Atque
1400 4407 1447 4472 ita

408 4488 543 4553 Savilius
569 4488 623 4577 ad·
637 4489 816 4575 marginem
844 4490 894 4554 sui
917 4489 991 4554 libri
1015 4490 1205 4556 emendavit.
1235 4493 1446 4557 Vacssws.

407 4574 591 4650 Strothium
607 4587 736 4639 secutus
750 4573 923 4639 lectionem
944 4576 976 4638 in
996 4589 1119 4641 textum
1135 4576 1252 4663 recepi,
1266 4576 1446 4664 praestanti·

405 4658 469 4725 bus
483 4661 589 4749 ipsam
606 4658 719 4750 Rrfino
735 4682 865 4749 quoque
881 4672 914 4726 ct
931 4660 1107 4747 Cluistoplr.
1123 4662 1225 4739 Lectt.
