4092 5675
594 777 1434 851 ms.monis.ausxsrrsraosnsu.
1469 801 1533 869 423

496 973 579 1040 pag.
596 966 649 1019 40.
673 966 859 1040 perpetuam
883 951 1107 1017 abstinentiam
1132 953 1238 1017 eidem
1264 953 1440 1040 injunctam
1465 974 1533 1017 esse

495 1053 657 1104 statuens.
691 1039 812 1104 Confer
825 1041 898 1103 eum
914 1039 1053 1125 Dionys.
1067 1038 1230 1103 Timothei
1244 1042 1351 1127 Episc.
1365 1040 1460 1108 Alex.
1475 1039 1536 1103 Re·

537 1145 603 1188 oas.
619 1148 648 1189 v.

497 1139 582 1274 {PR
594 1223 664 1289 393.
678 1208 742 1274 Ι.3.
764 1212 906 1295 προσῆκον
924 1208 1056 1286 ἀλλήλοιν
1075 1211 1107 1273 ἐκ
1127 1208 1270 1292 συμφώνου
1289 1212 1354 1296 πρὸς
1372 1212 1475 1297 καιρὸν,
1490 1209 1534 1272 ίνα

498 1294 670 1404 χολιίσνισι]
689 1296 739 1358 Ita
758 1311 817 1379 pro
840 1294 918 1357 edito
943 1294 1073 1371 ἀλλήλοιν
1095 1300 1235 1379 προσῆκον
1259 1298 1291 1357 ἐκ
1312 1296 1469 1376 συμφωνίας
1490 1296 1536 1357 ἵνα

499 1381 569 1466 πρὸς
589 1378 683 1468 κὰιςον
699 1379 862 1464 potinam,
879 1400 918 1442 ex
937 1390 1001 1442 octo
1016 1380 1126 1445 Msris
1143 1392 1176 1443 et
1193 1382 1335 1444 Herveto
1350 1381 1465 1445 Tiliani
1480 1402 1537 1444 co·

486 1465 585 1536 'dicis
607 1468 789 1551 interprete,
810 1466 932 1528 flavente
953 1486 1083 1551 quoque
1103 1466 1239 1550 apostoli
1262 1479 1363 1543 textu,
1377 1465 1535 1550 rescripsi.

503 1551 573 1616 Sed
589 1563 624 1614 et
642 1549 722 1614 illud
741 1555 772 1613 ἐκ
790 1551 921 1632 sapasim
937 1551 1034 1614 etiam
1052 1551 1084 1613 in
1102 1550 1157 1614 reli
1182 1572 1224 1614 uo
1239 1550 1338 1613 codiee
1352 1549 1420 1615 ¹158.
1436 1552 1536 1635 scrip-

502 1648 577 1702 tum
592 1648 690 1715 extat,
706 1635 788 1699 sieut
802 1635 887 1721 apud
903 1636 1061 1699 Zonaram
1075 1649 1109 1700 et
1122 1574 1357 1700 Brilsamonem.

549 1721 634 1787 Ibid.
655 1721 700 1784 ’ίνοι
722 1721 871 1805 χολοίσυισι
895 1725 928 1806 τῇ
951 1722 1106 1806 προσευχῇ]
1133 1723 1231 1785 Nunc
1248 1722 1484 1807 praefixum'est
1506 1720 1538 1783 in

503 1807 645 1894 apostoli
664 1818 754 1869 textu
772 1812 804 1891 τῇ
825 1806 917 1891 aresta
929 1807 988 1884 nal,
1004 1806 1092 1893 quod
1108 1827 1127 1869 a
1141 1808 1285 1893 plurimis
1300 1807 1465 1871 codicibus
1481 1806 1540 1869 ab·

504 1905 567 1972 est,
581 1891 790 1978 probantibus
812 1906 845 1955 et
866 1891 973 1955 Millio
994 1906 1027 1957 et
1045 1892 1266 1956 Griesbachio.
1310 1892 1418 1958 Verba
1432 1905 1541 1955 tamen

529 1977 680 2063 raeposita
705 1991 780 2040 suut
806 1976 839 2041 in
867 1976 965 2040 codice
990 1982 1060 2041 625.
1092 1978 1240 2064 Dionysii
1270 1999 1431 2042 canonum
1460 1976 1539 2041 olim

537 2061 698 2142 awliasoa.
725 2061 903 2148 eademque
927 2062 1082 2126 invenisse
1108 2063 1220 2126 saltam
1245 2063 1331 2148 apud
1356 2063 1540 2148 apostolum

505 2150 650 2213 Zonaras
664 2161 697 2211 et
711 2146 861 2211 Balsamo
878 2147 1033 2211 videntur.
1064 2147 1239 2226 Caeterum,
1250 2170 1323 2212 cum
1339 2146 1380 2211 de
1395 2160 1542 2231 tempore

505 2248 606 2319 atque
627 2232 732 2297 causis
758 2231 855 2318 hujus
875 2233 1075 2296 abstinentiae
1097 2234 1267 2318 quaesitum
1290 2247 1385 2311 esset,
1407 2232 1470 2295 hoc
1492 2253 1542 2294 re-

504 2317 639 2406 spondit
651 2318 789 2405 apostoli
803 2318 904 2382 verbis
919 2339 994 2382 usus
1010 2318 1044 2381 S.
1055 2318 1242 2404 Dionysius,
1256 2315 1385 2403 quando
1399 2338 1438 2380 ex
1452 2338 1542 2381 com-

505 2403 600 2471 muni
619 2425 776 2468 consensu
795 2403 828 2467 id
843 2402 943 2466 visum
962 2402 1068 2481 fuerit,
1083 2414 1118 2465 ut
1133 2415 1239 2466 uacent
1256 2402 1386 2466 orationi
1395 2428 1408 2481 ,·
1429 2404 1496 2465 ἀλλ’
1512 2406 1541 2464 οὐ

504 2491 572 2576 περὶ7
582 2488 673 2567 πάσης
685 2493 850 2575 προσευχῆς,
865 2491 985 2551 ἐνταῦθα
998 2489 1078 2570 φησίν
1092 2493 1104 2550 ὁ
1119 2487 1266 2570 ἂπίςολος,
1283 2489 1432 2569 (Zonarae
1447 2486 1543 2551 verba

506 2576 597 2656 tunt)
614 2576 673 2660 aspi
688 2573 716 2637 ii
730 2598 767 2657 γε
779 2580 827 2651 τῆς
841 2570 1041 2680 σπεδαιοτέρας
1060 2573 1090 2649 ἢν
1109 2577 1135 2636 ἓν
1153 2574 1268 2661 δάκρυσι
1283 2574 1331 2638 καί
1345 2570 1542 2645 κακοπαθείαις

506 2664 549 2725 to
562 2659 692 2745 γίνεῶυο.
720 2663 749 2722 οὐ
763 2663 820 2745 γὰρ
834 2658 950 2732 πάντας
965 2683 1048 2732 ουτιυς
1064 2659 1263 2746 προσεύξονται
1278 2659 1428 2724 πάντοτε,
1437 2656 1543 2736 νηςείαν

506 2746 537 2810 ii
549 2744 628 2831 λέγει
644 2743 788 2827 (Paulus)
803 2747 850 2822 τὴν
862 2741 1003 2828 γινομένην
1017 2747 1044 2806 ἐν
1059 2748 1161 2830 καιροῖς
1175 2744 1341 2833 ὡρισμένοις,
1354 2743 1370 2822 ἢ
1384 2742 1428 2808 ire
1442 2742 1544 2827 μέλλοι

505 2856 550 2908 τις
563 2840 619 2895 τῶν
632 2830 821 2914 οἱγιασμοίτεον
834 2828 973 2915 μετέχειν.

553 2915 638 2982 Ibid.
653 2916 676 2980 l.
688 2934 718 2995 9.
739 2917 787 3001 ὠς]
809 2918 860 2980 Ita
881 2937 940 3001 pro
961 2915 1045 2981 edito
1065 2917 1114 2981 καί
1137 2916 1222 2983 codd.
1245 2939 1345 2982 amnes
1368 2913 1545 2994 Bodleiaai,

490 3002 787 3088 impietatisque
805 3001 946 3066 Herveti.
988 3002 1085 3067 Adde
1101 3005 1259 3067 Zonaram
1274 3003 1345 3066 haec
1359 3003 1543 3066 afferentem

507 3088 543 3153 ln
557 3086 783 3152 Commentario
798 3108 849 3150 ευο
865 3086 898 3151 ia
914 3087 947 3152 S.
957 3087 1127 3152 Athanasii
1140 3086 1318 3172 Epistolam
1331 3088 1374 3150 ad
1383 3088 1543 3151 Aramum.

509 3236 512 3241 .
551 3171 637 3238 lbid.
653 3172 675 3237 l.
693 3187 739 3236 lo.
762 3172 809 3237 nal
832 3175 858 3234 ἓν
878 3172 983 3246 τούτοις
1003 3172 1183 3250 εὐσυνείδητος
1204 3173 1277 3256 boa]
1297 3171 1492 3236 Athanasius
1511 3171 1545 3234 in

510 3258 668 3325 Gaaoaiea
688 3258 743 3322 illa
762 3256 908 3343 Epistola
927 3258 1037 3323 omnia
1058 3257 1244 3344 hujusmodi
1264 3271 1380 3342 praeter
1400 3256 1546 3321 volunta·

507 3352 578 3410 tem
590 3365 663 3430 quae
680 3343 769 3422 fiunt,
783 3343 880 3429 culpa
893 3343 1026 3408 omnino
1040 3364 1139 3407 vacua
1152 3364 1222 3406 esse
1241 3341 1423 3427 respondet.
1441 3363 1479 3440 p.
1494 3347 1545 3405 36.

510 3429 668 3515 Synodici.
713 3429 812 3515 Quod
834 3449 908 3492 vero
932 3429 1128 3514 quaesivisset
1151 3451 1170 3491 a
1194 3427 1281 3492 Dion
1306 3426 1355 3491 sio
1376 3425 1545 3504 Basilides,

507 3513 654 3580 ostendit
666 3516 809 3578 Zonaras
823 3513 874 3578 his
888 3513 989 3578 verbis
997 3537 1007 3593 3
1021 3515 1164 3600 ἐρωτηθείς
1177 3517 1200 3576 εί
1213 3517 1252 3577 δεῖ
1264 3539 1315 3586 τες
1329 3517 1355 3576 ἔν
1369 3512 1443 3598 ῥύσει
1459 3511 1545 3618 σπέρ-

509 3625 600 3683 ματος
619 3599 776 3685 γενόμενυυς
795 3598 991 3686 ἀπροαιρέτως,
1003 3609 1057 3663 τῶν
1078 3597 1267 3685 ἁγιασμοίτοιν
1288 3597 1426 3683 μετέχειν,
1443 3595 1489 3679 ἔφη
1505 3623 1545 3659 οτι

511 3686 574 3750 boc.
618 3686 671 3751 De
688 3684 932 3771 participatione
947 3706 1077 3771 quoque
1096 3694 1149 3748 τῶν
1168 3684 1247 3749 θείειν
1264 3683 1400 3772 μυςηςίνιν
1414 3681 1466 3746 hic
1482 3683 1547 3767 agi,

509 3768 626 3836 statuit
647 3784 681 3835 et
702 3770 861 3834 Blastares
885 3769 1051 3871 Syatagm.
1073 3768 1241 3856 Aiphaiet.
1261 3769 1327 3835 Lit.
1347 3767 1385 3832 κ’.
1407 3789 1478 3853 cap.
1495 3781 1545 3830 28.

500 3855 570 3922 -ubi
589 3856 737 3920 excitavit
757 3855 912 3919 Basilium
927 3857 979 3918 M.
994 3878 1027 3920 in
1042 3854 1189 3920 Asceticis
1208 3855 1304 3919 simili
1321 3853 1490 3940 quaestioni
1503 3853 1547 3916 si·
1590 3906 1592 3911 .

508 3940 632 4007 militer
651 3940 909 4026 respondentem.
936 3939 1015 4006 Vid.
1030 3955 1065 4005 et
1076 3939 1240 4005 Timothei
1254 3938 1347 4004 Alex.
1364 3938 1471 4024 Episc.
1486 3938 1547 4003 Re-

503 4042 614 4112 -spoas
626 4026 681 4091 xii.
696 4047 729 4111 p.
745 4033 811 4090 168.
828 4025 984 4111 Synodici.
1027 4028 1145 4111 Neque
1164 4025 1256 4089 aliter
1275 4026 1362 4089 Dion
1388 4022 1471 4088 sium
1491 4046 1548 4088 ex·

510 4112 605 4198 pouit
618 4110 818 4178 Balsamonis
829 4110 994 4195 Responsio
1009 4111 1051 4174 ad
1063 4113 1211 4175 Marcam
1220 4047 1428 4175 Alexandiae
1439 4110 1549 4174 Patri-

500 4196 651 4275 -orcltam,
665 4220 739 4283 quae
754 4197 785 4261 in
800 4210 882 4260 tom.
897 4198 925 4260 I.
940 4197 1029 4260 Jart's
1047 4194 1307 4261 Graeco-Romani
1321 4218 1352 4281 p.
1364 4202 1434 4271 367.
1449 4208 1548 4273 extat,

499 4281 617 4347 tribus
642 4284 710 4347 istis
734 4281 878 4368 epistolis
903 4282 1088 4345 memoratis
1111 4280 1401 4346 Alexandrinorum
1427 4301 1548 4366 praesu·

511 4367 596 4446 lum,
607 4368 770 4455 Dionysii,
782 4367 962 4445 Athanasii,
976 4366 1220 4451 Timotheique3
1238 4367 1295 4431 ubi
1308 4379 1415 4430 tamen
1431 4365 1550 4429 omissa

512 4466 591 4517 sunt
611 4453 764 4540 Dionysii
784 4466 818 4516 et
839 4451 1008 4516 Athanasii
1034 4451 1228 4531 testimonia,
1251 4474 1324 4515 nam
1346 4463 1421 4536 post
1440 4449 1548 4528 verba,

511 4540 581 4618 φησὶ
603 4543 659 4623 ’γὰρ
682 4546 697 4615 ἡ
719 4544 767 4600 τοῦ
788 4536 870 4623 ἁγίου
893 4536 1036 4606 Διονυσίου
1057 4536 1210 4625 ἀπόκρισις,
1224 4538 1332 4602 statim
1352 4534 1457 4620 posita
1475 4546 1551 4600 sunt

503 4622 628 4704 ‘isthaec
655 4628 692 4687 Ei
715 4624 766 4705 μὲν
787 4626 926 4686 marsim
952 4622 1118 4708 usquead
1145 4645 1238 4687 voces
1262 4620 1442 4702 ἐπιτιθέμενος
1463 4625 1551 4706 αὐτῷ,

513 4708 605 4798 quod
620 4708 700 4775 nihil
711 4707 804 4775 ‘aliud
815 4721 864 4775 est
876 4718 993 4798 praeter
1006 4707 1172 4776 Timothei
1188 4718 1388 4796 responsum.

992 4814 1013 4859 E
1027 4806 1076 4861 04
