4092 5675
614 799 675 844 100
945 781 1306 850 ANNOTATIONES

611 949 718 1015 sebius
733 950 794 1015 fine
808 950 904 1040 hujus
919 952 1043 1038 capitis,
1055 966 1224 1040 postquam
1240 964 1405 1018 auctorem
1422 952 1507 1017 hunc
1525 951 1647 1030 Contra

613 1035 837 1124 Cataphrygas
858 1038 990 1102 missum
1006 1039 1133 1102 fecisset
1145 1063 1154 1116 3
1180 1039 1270 1113 Οὗτος
1283 1041 1333 1121 μὲι
1347 1041 1377 1117 δὴ
1391 1047 1530 1104 τοσαῦτα.
1560 1040 1599 1102 Ὁ
1612 1035 1647 1124 γέ

610 1146 652 1184 τοι
667 1123 739 1204 πρὸς
753 1126 825 1185 αὐτῦ
840 1123 1016 1206 δεδηλαμὲιος
1032 1125 1201 1202 Μιλτιάδης,
1215 1126 1237 1211 οὲ
1252 1123 1344 1199 ἄλλοις
1358 1129 1420 1208 ἡμῖν
1433 1131 1481 1201 τῆς
1496 1122 1566 1196 ἰδίας
1579 1123 1647 1212 ποφδ

610 1211 648 1269 τοὶ
663 1211 726 1269 θεῖα
740 1207 827 1290 λόγια
840 1212 955 1286 σπουδῆς
967 1210 1076 1292 μνήμας
1088 1212 1301 1289 καταλέλοιπεν,
1318 1209 1344 1273 ἔν
1358 1238 1389 1273 τι
1404 1210 1440 1285 οἷς
1453 1210 1526 1296 πρὸς
1535 1207 1648 1287 Ἕλλη·

611 1318 658 1367 νας
672 1292 802 1371 σῦιετοιξι
816 1294 921 1379 λόγοις,
937 1293 982 1373 aad
996 1298 1052 1368 τοῖς
1065 1297 1138 1381 οτρδς
1150 1295 1304 1369 Ἰουδαίους·
1328 1296 1447 1382 ἑκατέρα
1461 1294 1531 1369 ἰδίους
1546 1293 1647 1358 ὑποδδ-

610 1403 652 1442 σει
668 1381 694 1441 ἓν
710 1379 784 1441 δυοδι
799 1380 955 1458 ὑπαντήσας
968 1379 1192 1465 συγῙφίιμμασιι·
1208 1379 1290 1444 ἔτιδὲ
1306 1382 1353 1443 sal
1367 1385 1431 1467 πρὸς
1445 1377 1495 1456 rtis
1511 1377 1648 1462 κοσμικιδς

607 1461 762 1562 δι’ρχοιτοις,
777 1465 841 1550 ὑπὲρ
862 1463 892 1541 ἧς
911 1464 1002 1551 μετήει
1020 1467 1195 1549 φιλοσοφίας,
1210 1465 1360 1544 omissas
1373 1466 1538 1550 ἀπολογίαν.
1585 1461 1649 1529 Sed

492 1566 500 1578 ·
611 1571 719 1613 omma
741 1549 898 1613 Miltiadis
926 1572 1023 1635 opera
1052 1551 1109 1631 (ait
1136 1552 1253 1615 Cavius
1277 1551 1364 1614 Hiar.
1390 1551 1457 1616 Lit.
1480 1551 1543 1615 vol.
1565 1551 1593 1613 I.
1615 1550 1648 1614 in

610 1639 691 1715 voce)
711 1634 791 1699 adeo
813 1635 957 1699 funditus
980 1635 1151 1734 perierunt,
1173 1652 1345 1702 uteorum
1367 1658 1407 1700 ne
1429 1638 1648 1724 fragmentum

610 1720 740 1808 quidem
757 1720 853 1784 hodie
869 1735 1016 1807 supersit.
1385 1765 1388 1773 ·

655 1806 689 1869 P.
702 1820 750 1868 82.
766 1806 787 1868 l.
800 1820 829 1870 4.
852 1805 1023 1891 Μιλτιάδου]
1042 1806 1163 1871 Nescio
1176 1830 1241 1893 quo
1257 1808 1324 1872 fato
1337 1805 1515 1872 Alcibiadis
1528 1826 1648 1882 nornen

633 1913 669 1954 ro
688 1891 849 1970 Miltiade,
864 1904 897 1956 et
917 1891 1076 1956 Miltiadis
1094 1914 1154 1979 pro
1169 1894 1338 1958 Alcibiade
1358 1892 1569 1956 substitutum
1589 1904 1648 1955 est.

645 1997 698 2039 am
721 1977 883 2061 superiore
905 1976 1035 2064 quidem
1060 1979 1166 2063 capite
1190 1979 1348 2043 Miltiadis
1373 1975 1567 2041 vocabulum
1612 1997 1649 2040 ro

501 2090 506 2117 r
610 2061 780 2125 Alcibiade
799 2062 943 2147 positum
961 2085 1031 2126 esse
1046 2064 1290 2128 observavimus.
1336 2063 1400 2127 Hic
1416 2076 1540 2139 contra,
1602 2060 1650 2126 ci·

609 2146 719 2211 biades
744 2169 803 2233 pro
828 2148 978 2213 Miltiade
1003 2149 1152 2235 irrepsit·
1190 2151 1287 2214 Certe
1311 2148 1398 2235 apud
1422 2143 1649 2233 Nicephorum

609 2232 767 2297 Μιλτιάδου
789 2232 917 2319 legitur.
941 2256 1137 2320 quamquam
1152 2257 1211 2299 nec
1227 2236 1443 2321 Nicephorus‚
1459 2255 1518 2296 nec
1535 2231 1650 2316 Chris.-

609 2316 826 2404 tophorsonus
853 2318 939 2383 hunc
964 2319 1074 2384 locum
1104 2321 1268 2386 intellexit.
1297 2323 1504 2385 Vacsstos.
1545 2319 1650 2406 Ἀλκή-

610 2402 702 2468 ὅιίιδου
728 2427 845 2469 nomen
871 2427 937 2490 prae
964 2407 1128 2471 ecferunt
1152 2429 1264 2471 omnes
1291 2421 1407 2493 praeter
1428 2401 1649 2490 Nicephorum,
1680 2469 1683 2476 ,

610 2502 643 2553 et
659 2490 964 2577 Christoplrorsonum
982 2491 1014 2554 in
1032 2491 1184 2556 versione.
1221 2492 1268 2556 Hi
1287 2514 1362 2555 vero
1382 2512 1447 2554 non
1464 2502 1650 2574 'agnoscunt

609 2574 705 2639 verba
718 2576 783 2654 illa,
799 2579 888 2637 αὐτῶν
904 2576 1074 2657 {vassallor
1090 2582 1130 2662 τῷ
1146 2599 1205 2641 nec
1220 2576 1431 2664 posteriorem
1447 2595 1557 2638 vocem
1573 2599 1650 2660 συγ.-

608 2657 771 2746 γμᾶμματι.
806 2660 918 2745 Atque
939 2660 1013 2724 hinc
1033 2675 1123 2726 ortus
1137 2677 1187 2726 est
1201 2685 1289 2726 error
1303 2686 1323 2726 a
1336 2657 1468 2727 Valesio
1491 2681 1589 2745 supra
1607 2657 1651 2725 ad

608 2767 684 2831 pag.
707 2759 756 2809 85.
781 2759 922 2823 notatus,
947 2745 988 2809 de
1010 2746 1094 2810 libro
1121 2748 1280 2812 Miltiadis
1303 2749 1345 2812 ab
1367 2759 1514 2811 auctore·
1532 2745 1650 2812 Contra

611 2831 829 2919 Cataphrygas
843 2831 974 2895 redacto
992 2831 1025 2895 in
1042 2833 1283 2919 compendium.
1326 2832 1446 2899 Omnia
1463 2843 1541 2918 post
1584 2830 1650 2897 rius

608 2917 806 3002 τυγδρίιμματι
821 2918 978 2982 omittunt
995 2917 1170 3068 Christoplr.
1187 2921 1289 2985 Lectt.
1305 2917 1446 3006 Rufinus
1464 2916 1542 2982 MS.
1555 2853 1650 2983 bodl.

612 3003 793 3091 Murgoque
817 3001 975 3067 Jonesioni
999 3020 1105 3089 exemp
1121 3005 1196 3083 uria,
1220 3021 1352 3093 propter
1375 3007 1407 3068 τδ
1435 3002 1650 3086 ὁμοιοτέλευτοι.

608 3086 716 3169 Adde,
731 3089 820 3176 quod
842 3092 914 3151 αὔτὲ
939 3089 1024 3168 λέξεις
1045 3112 1105 3176 pro
1128 3095 1217 3154 αὐτῶν
1235 3090 1321 3169 λέξεις
1336 3087 1440 3173 Codex
1453 3086 1596 3176 Norfolr.
1616 3100 1652 3154 et

609 3173 740 3260 Raptam
767 3175 799 3240 in
824 3175 956 3239 Eusebii
981 3176 1084 3241 verbis
1109 3178 1217 3242 statim
1242 3189 1316 3241 ante
1343 3174 1455 3261 positis
1483 3188 1651 3261 praestant.

610 3260 773 3327 Caeterum
788 3261 964 3340 strothius,
978 3283 1075 3349 quem
1091 3263 1222 3341 nomine
1236 3262 1395 3329 Miltiadis
1409 3256 1441 3324 in
1457 3273 1584 3325 textum
1599 3281 1651 3343 re-

608 3362 704 3435 cepto
719 3362 847 3412 secutus
863 3370 947 3427 sum,
962 3348 1033 3412 haec
1048 3348 1093 3413 ait
1108 3350 1218 3434 “Ipsa
1237 3349 1320 3413 ratio
1336 3347 1410 3434 jam
1427 3345 1536 3425 docet,
1550 3345 1650 3433 etiam

608 3434 674 3497 “si
694 3455 806 3497 omnes
827 3434 923 3498 codd.
943 3431 1123 3498 Ἀλκιδιάδου
1144 3434 1341 3511 exhiberent,
1356 3431 1563 3497 scribendum
1579 3452 1651 3517 esse

609 3527 630 3558 ‘⁶
645 3519 815 3597 Μιλτιάδου,
831 3541 932 3617 quum
953 3532 988 3582 et
1006 3520 1193 3584 Alcibiades
1213 3520 1281 3604 ipse
1298 3519 1430 3601 (Euseb.
1446 3541 1474 3583 v.
1485 3518 1530 3601 3.)
1547 3519 1650 3587 Mou-

583 3611 589 3620 '
608 3611 631 3642 “
645 3604 761 3668 tanista
775 3604 883 3681 fuerat,
899 3618 932 3668 et
944 3604 1104 3668 Eusebius
1120 3618 1187 3668 tam
1203 3604 1294 3667 initio
1311 3603 1539 3690 capitisquam
1550 3604 1586 3667 in
1598 3624 1649 3683 su,-

609 3696 629 3728 “
646 3689 818 3775 q'uentibus
838 3701 948 3774 aperte
969 3689 1130 3753 Miltiadis
1154 3712 1272 3754 nomen
1315 3689 1464 3773 osuerit.
1489 3690 1533 3753 Et
1552 3711 1611 3773 su¹

608 3781 630 3814 ‘⁴
649 3779 694 3860 (p.
709 3777 771 3859 73.)
789 3775 1058 3859 contrapositum
1080 3789 1149 3840 erat
1171 3712 1330 3841 Miltiadis
1348 3797 1470 3839 nomen
1483 3795 1547 3859 pro
1623 3773 1631 3787 ⁸

608 3867 631 3900 “
644 3860 757 3938 biadis,
775 3859 870 3923 'unde
894 3874 985 3946 patet
1011 3883 1108 3947 quam
1136 3861 1275 3937 solennis
1302 3861 1399 3925 luerit
1423 3858 1558 3945 librariis
1588 3858 1650 3925 ho·

609 3953 631 3986 “
647 3969 717 4010 rum
734 3945 899 4009 nominum
939 3947 1145 4011 ermutatio.’'
1174 3949 1256 4011 Haec
1272 3947 1453 4024 Strothius,.
1463 3943 1519 4009 sed
1534 3942 1650 4015 videsis

609 4043 720 4098 notam
736 4052 840 4093 meam
860 3967 1011 4096 adhunc
1033 4031 1153 4103 locum.
1199 4035 1283 4097 Mox
1301 4034 1394 4097 abest
1407 4032 1540 4097 verbum
1555 4032 1651 4101 ἔπιτε·

607 4115 697 4198 μόμην
711 4137 730 4178 a
745 4115 844 4179 codice
860 4116 999 4201 Norfulc.
1014 4117 1099 4183 sicut
1113 4121 1140 4181 δὲ
1156 4131 1230 4205 post
1245 4114 1434 4190 ὑποκαταὸίις.

653 4199 736 4287 Ibld.
752 4200 773 4264 l.
788 4218 818 4278 9.
839 4202 923 4289 ’Avi
939 4202 988 4288 δ’γε
1002 4205 1221 4291 ψευδοπροφήτης
1235 4208 1262 4266 ἓν
1274 4200 1459 4288 suprafatus]
1474 4199 1566 4265 Male¹
1581 4198 1649 4267 Rus

608 4286 690 4350 finus
713 4299 747 4351 et
766 4286 924 4351 Baronius
946 4289 1017 4352 haec
1032 4291 1128 4353 verba
1148 4313 1187 4353 ex
1208 4288 1365 4353 Miltiadis
1380 4287 1463 4350 libro
1478 4285 1651 4372 desumpta

607 4395 678 4439 esse
691 4371 922 4437 existimarunt.
965 4376 1084 4461 Neque
1106 4376 1192 4438 enim
1214 4374 1268 4438 hic
1289 4372 1506 4437 innominatus
1524 4385 1651 4452 auctor,

607 4460 779 4558 quicquam
802 4459 881 4523 citat
902 4481 942 4524 ex
967 4459 1126 4525 Miltiadis
1138 4461 1232 4537 libro,
1249 4459 1305 4523 sed
1320 4469 1446 4521 tantum
1462 4477 1502 4520 ex
1515 4477 1650 4542 respon·

608 4558 701 4609 srone'
724 4543 806 4608 Cata
828 4543 1006 4633 hrygarum
1033 4545 1182 4610 adversus
1208 4542 1367 4609 Miltiadis
1392 4542 1535 4620 librum3
1560 4540 1651 4627 quod

607 4652 672 4693 non
694 4565 983 4695 animadverterunt
1006 4631 1205 4715 interpretes.
1255 4632 1314 4694 Est
1337 4629 1446 4692 auten'r
1473 4626 1527 4691 hic
1551 4626 1650 4714 hujus
1680 4678 1692 4707 ,

607 4714 671 4780 loci
685 4734 815 4797 sensus3
832 4737 987 4802 magnum
1000 4738 1071 4782 esse
1086 4716 1259 4783 discrimen
1271 4714 1360 4783 inter.
1370 4735 1460 4780 veros
1473 4710 1649 4800 prophetas
