4092 5675
704 788 756 855 ru
778 785 1012 854 sruouun
1033 786 1394 855 ANTIOCHENAM.
1500 776 1564 875 495
1638 835 1640 839 ·

480 993 495 1030 .·
530 989 538 998 ·
575 959 611 1025 P.
621 973 690 1037 473.
705 962 728 1026 l.
743 976 789 1025 15.
811 963 843 1023 τὸ
859 959 1140 1045 δὲ-σεποιροιμέιοι]
1152 961 1343 1025 Turrianum
1358 971 1486 1025 secutus
1500 962 1565 1025 La-

480 1083 485 1120 ;
521 1046 871 1132 πίῃσὶιιιειριεισιιιειῐι
888 1046 962 1131 lego
975 1052 1015 1131 τῷ
1029 1048 1057 1109 δὲ
1071 1058 1104 1110 et
1116 1046 1325 1134 πεπειραμένος.

480 1169 494 1208 ς
531 1147 541 1158 ‘
576 1133 611 1196 Ρ.
621 1145 691 1209 474.
707 1132 729 1195 1.
747 1148 773 1195 1.
797 1136 831 1206 ὠς
852 1132 901 1215 εἷς]
920 1134 995 1195 Hoc
1011 1144 1070 1210 est,
1087 1131 1236 1197 Christus
1256 1133 1289 1197 in
1311 1146 1449 1218 utroque
1465 1145 1565 1196 testa·

480 1257 486 1262 -
527 1230 643 1284 mento
655 1231 738 1282 unus
749 1230 782 1281 et
796 1217 879 1281 idem
895 1231 969 1281 ante
982 1217 1229 1282 incarnationem
1245 1217 1314 1305 ejus
1326 1218 1466 1282 extitisse
1481 1240 1564 1302 prae-

528 1301 671 1384 dicatur,
692 1325 819 1389 unaque
839 1324 964 1389 semper
987 1323 1134 1388 persona,
1157 1324 1255 1389 quam
1276 1304 1374 1389 impie
1399 1304 1566 1388 separabat

529 1387 650 1453 Paulus
664 1390 902 1453 Samosstenus.
1344 1425 1347 1430 <

523 1511 541 1524 ..
575 1474 660 1538 lbid.
675 1475 698 1539 l.
716 1486 761 1538 14.
783 1479 817 1558 τῇ
837 1472 929 1558 οὐσίᾳ]
954 1474 1061 1537 Voces
1085 1472 1166 1535 οὐσία
1188 1486 1222 1537 et
1245 1473 1324 1553 φύσις
1351 1495 1410 1559 pro
1435 1473 1566 1547 ὕποςίισει

524 1571 661 1644 persona
677 1558 858 1623 subsistente
871 1575 992 1622 veteres
1007 1558 1166 1622 interdum
1183 1558 1348 1637 adhibent,
1365 1575 1401 1625 ut
1418 1559 1565 1624 luculen-

528 1655 582 1708 ter
595 1656 731 1708 testatus
753 1658 804 1708 est
825 1644 957 1708 Photius
971 1644 1003 1707 in
1019 1643 1170 1707 Bittius.
1187 1644 1271 1708 Cod.
1284 1665 1389 1709 cx1x.
1405 1666 1479 1731 pag.
1493 1660 1564 1711 300.

528 1728 617 1812 Vide
630 1742 664 1793 et
677 1731 771 1793 Joan.
788 1730 982 1793 Damascen.
996 1729 1029 1792 in
1043 1729 1172 1816 isagoge
1184 1750 1214 1792 c.
1223 1729 1246 1792 i.
1259 1730 1299 1793 T.
1314 1732 1340 1793 Ι.
1356 1731 1419 1816 Op.
1436 1753 1468 1815 p.
1480 1746 1550 1795 515.

480 1837 485 1848 ·
521 1847 530 1856 -
575 1815 610 1878 P.
625 1827 696 1891 475.
709 1814 732 1877 l.
745 1820 776 1878 6.
801 1816 1045 1877 FRAGMENTA
1070 1815 1381 1879 Drsrurartours
1409 1836 1564 1882 consus

530 1898 809 1965 Mancnrousn
828 1900 901 1983 icc]
923 1902 1021 1963 Extat
1040 1900 1128 1984 quod
1146 1900 1233 1984 prius
1253 1900 1396 1965 locatum
1414 1916 1463 1966 est
1479 1902 1567 1987 frag-

530 2000 677 2049 mentum
699 2006 764 2048 nou
786 1998 913 2049 tanturn
931 1985 963 2047 in
982 1984 1208 2048 Contestatione
1220 1987 1263 2049 ud
1277 1986 1399 2050 Clernrn
1417 1989 1480 2051 ΟΡ.
1495 2011 1568 2074 quae

530 2071 620 2157 apud
630 2069 780 2148 Concilio,
789 2083 822 2133 et
832 2070 865 2133 in
874 2071 1036 2134 Anastasii
1048 2070 1176 2133 Sinaitae
1186 2071 1313 2157 Hodego
1324 2072 1364 2135 ad
1377 2093 1409 2157 p.
1420 2086 1490 2135 324.
1502 2097 1568 2137 ser-

529 2168 633 2235 vatur,
648 2155 816 2220 sedetiam
831 2154 917 2241 apud
936 2155 1107 2219 Leontium
1126 2156 1341 2241 Byzantinuru
1357 2157 1412 2220 lib.
1424 2158 1469 2221 iii.
1483 2160 1569 2223 Ado.

530 2240 730 2306 Nesto-rienes
752 2251 782 2305 et
805 2240 1019 2325 Eutychianos
1030 2265 1042 2318 ,·
1071 2242 1158 2327 quod
1180 2240 1311 2326 quidem
1335 2242 1464 2306 Leontii
1485 2265 1566 2343 opus

530 2328 646 2392 Latine
661 2338 784 2391 tanturn
801 2326 922 2390 editum
939 2340 999 2403 est,
1013 2327 1093 2390 etin
1107 2341 1198 2391 tomo
1214 2326 1354 2391 secundo
1367 2327 1570 2395 concluditur

483 2477 486 2482 .
529 2412 678 2478 Auctarii
701 2410 904 2476 Bibliothecae
922 2414 1056 2476 Putrem
1070 2411 1237 2476 Parisinae.
1283 2413 1334 2475 Ibi
1355 2415 1439 2476 enirn
1463 2417 1569 2478 Leon-

531 2499 596 2563 tius
622 2497 665 2562 ad
689 2519 766 2583 pag.
787 2504 857 2563 636.
881 2497 1101 2562 Testimonium
1124 2498 1211 2562 idern
1232 2496 1396 2562 Publiceni
1419 2498 1568 2564 adversus

530 2583 722 2648 Nestorium
740 2582 1024 2682 Constantinopoli
1039 2583 1239 2669 propositum
1257 2583 1375 2660 attulit,
1391 2598 1425 2648 et
1439 2585 1501 2648 alia
1513 2586 1570 2649 de-

531 2668 642 2754 inceps
657 2658 753 2732 verba
768 2669 968 2732 Samosatenr
988 2669 1077 2732 Pauli
1100 2668 1262 2753 produxit.
1308 2670 1444 2745 Primam
1460 2684 1569 2734 autem

531 2752 639 2842 hujus
651 2755 751 2842 ῥήσιος
774 2753 962 2832 clausulam,
980 2776 1044 2816 una
1064 2776 1140 2817 cum
1163 2755 1235 2840 ῥήσει
1255 2753 1365 2832 altera,
1384 2761 1396 2818 ὁ
1416 2756 1571 2839 φαινόμενος

495 2856 499 2861 ·
531 2837 642 2921 onais,
654 2860 693 2904 ex
707 2840 769 2905 alia
785 2854 874 2925 parte
889 2840 993 2925 operis
1012 2841 1140 2904 Leontii
1162 2840 1277 2904 Latine
1297 2840 1397 2905 edidit
1417 2842 1570 2908 Baluzius

526 2926 565 2990 *in
581 2925 670 2990 Noua
685 2948 743 2990 sua
757 2925 941 2990 Collectione
958 2923 1162 2989 Consiliorum
1177 2925 1218 2990 ad
1235 2947 1311 3011 pag.
1330 2943 1375 3004 19.
1413 2928 1571 2993 Pertinere

531 3011 605 3075 haec
621 3012 708 3083 Pauli
724 3011 766 3075 ad
781 3010 1034 3094 Disputationem
1049 3010 1118 3096 ejus
1133 3023 1239 3074 contre
1254 3010 1465 3076 Malchionem
1483 3014 1570 3080 solus

531 3097 690 3161 leontius
705 3097 866 3173 indicavit,
882 3096 937 3182 qui
958 3110 1082 3181 partem
1102 3096 1216 3180 prioris
1236 3096 1410 3180 fragmenti
1434 3100 1573 3165 secunda

531 3182 602 3248 vice
616 3181 777 3246 adducens
793 3181 923 3245 titulum
939 3180 1024 3244 hunc
1038 3181 1214 3266 praemisit:
1234 3187 1291 3244 Τοῦ
1306 3185 1390 3244 αὐτοῦ
1407 3184 1521 3267 (Pauli)
1540 3189 1571 3250 ἐκ

530 3274 582 3331 τοῦ
597 3270 669 3354 πρὸς
685 3267 844 3354 Μαλχῖινοι
861 3267 1052 3354 (Μαλχίωνα)
1073 3266 1170 3353 λόγου,
1186 3266 1231 3329 ita
1246 3266 1360 3329 Graece
1376 3269 1524 3333 scribitur
1538 3271 1572 3334 in

534 3351 660 3416 Codice
675 3354 749 3416 MS.
764 3352 942 3421 Bodleiano
957 3351 1095 3416 Leontii.
1128 3353 1200 3414 Imo
1215 3373 1288 3414 vero
1302 3373 1342 3414 ex
1355 3351 1450 3416 titulo
1466 3355 1571 3438 operis

533 3436 732 3502 Malchionis
745 3438 894 3502 adversus
910 3438 1056 3515 Paulum,
1070 3458 1165 3523 quem
1181 3459 1221 3500 ex
1236 3437 1373 3500 Leontio
1388 3437 1469 3501 infra
1482 3453 1570 3503 tran-

533 3523 687 3600 scribant,
702 3522 921 3608 colligendum
946 3523 1079 3600 videtur,
1094 3522 1248 3670 repositas
1269 3521 1366 3586 fuisse
1385 3522 1417 3585 in
1436 3523 1574 3591 Concilii

532 3608 733 3673 Antiocheni
745 3609 837 3672 Actis
850 3610 958 3672 ambas
973 3609 1049 3672 istas
1063 3608 1127 3672 Pau
1141 3609 1151 3671 i
1164 3607 1424 3693 Malchionisque
1438 3609 1570 3692 opellas.

540 3724 546 3730 ·
580 3694 665 3758 Ibid.
687 3693 778 3758 l.12.
810 3694 920 3780 κυρίοις]
947 3694 1058 3757 Habet
1079 3715 1195 3778 margo
1208 3708 1295 3757 tom.
1310 3693 1354 3756 iii.
1380 3692 1496 3756 Concil.
1519 3697 1572 3760 ed.

532 3780 660 3846 Labbe.
688 3777 754 3852 ἴσως
773 3778 885 3864 tylon:
907 3780 1014 3864 itaque
1034 3779 1068 3842 in
1089 3779 1204 3842 Latina
1224 3778 1484 3862 interpretatione
1504 3802 1574 3844 ver·

533 3878 621 3931 tu‘nt.
667 3864 730 3929 Sed
746 3864 853 3952 μυρίοις
874 3886 893 3927 a
912 3865 1070 3962 scriptura
1091 3863 1239 3949 proprius
1258 3864 1395 3942 abesset,
1410 3864 1470 3928 nisi
1485 3866 1574 3950 quod

534 3951 582 4015 sic
604 3950 736 4015 defendi
759 3965 856 4035 atque
877 3971 993 4034 exponi
1013 3949 1115 4034 possit
1134 3950 1203 4031 ipsa
1216 3947 1314 4011 lectio
1329 3949 1438 4034 κυρίοις,
1452 3961 1489 4013 ut
1502 3972 1575 4037 per·
1601 3974 1602 3979 ¹

535 4035 612 4101 inde
637 4057 675 4099 ac
699 4035 865 4121 prophetis
890 4035 958 4098 aliis
981 4047 1111 4118 praestat
1137 4035 1260 4109 Moses,
1282 4033 1328 4096 ita
1352 4055 1481 4131 quoque
1505 4037 1574 4101 aliis

534 4121 690 4200 dominis,
717 4196 720 4203 ι
739 4142 853 4185 uorum
876 4119 1023 4183 nonnulli
1047 4119 1126 4202 ungi
1149 4117 1264 4194 solent,
1311 4119 1430 4194 raelerri
1449 4118 1574 4186 dicatur

536 4207 602 4270 lroc
622 4143 877 4271 loco-‘iJominus
894 4205 1054 4269 Christus.
1100 4205 1272 4288 Postquam
1290 4139 1360 4266 liaec
1375 4203 1496 4290 scripsi,
1510 4207 1575 4274 vidi

512 4364 517 4372 ‚
534 4293 569 4356 in
583 4291 733 4356 Consiliis
747 4293 859 4354 Rornae
875 4290 989 4353 Graece
1003 4287 1097 4353 editis
1111 4287 1248 4373 margini
1264 4287 1448 4386 adpositum
1464 4290 1575 4374 fuisse,

534 4377 604 4451 ἴσως
615 4376 735 4463 μορίοις,
749 4376 850 4440 nihilo
865 4389 972 4440 tamen
986 4375 1091 4438 minus
1106 4373 1146 4437 de
1165 4372 1227 4435 hac
1248 4388 1433 4460 conjectura
1448 4397 1488 4438 an
1503 4399 1575 4461 pro-

536 4463 647 4529 banda
660 4463 713 4541 sit,
726 4461 853 4526 dubito.

585 4549 670 4613 Ibid.
692 4553 718 4611 ἐν
732 4551 788 4631 ναῷ
804 4547 881 4630 osa]
897 4547 991 4608 Extat
1005 4548 1032 4606 ἐν
1046 4544 1077 4608 in
1095 4522 1321 4606 Contestutione
1337 4541 1420 4606 Cleri
1434 4563 1491 4608 sen
1504 4544 1577 4608 Tes-

539 4634 666 4697 timonio
679 4632 817 4709 Publica,
829 4631 885 4694 sed
900 4630 986 4716 apud
1001 4629 1172 4692 Leontium
1185 4650 1244 4726 vor
1256 4649 1385 4725 quoque
1397 4632 1459 4691 Θεΐι
1474 4629 1576 4693 abest.

539 4720 654 4786 Habet
667 4717 856 4785 Anastasius
871 4715 992 4782 Sinaita
1006 4718 1032 4780 ir
1047 4717 1136 4802 ἀραιῷ
1150 4734 1209 4799 pro
1224 4727 1293 4776 rsus
1308 4715 1334 4775 ἐν
1349 4718 1405 4798 ιοοζι
1419 4717 1493 4778 Θιῖο.
