4092 5675
575 759 619 828 '28
911 757 1270 827 ANNOTATIONES
1289 807 1291 813 .

525 993 531 1001 ,
621 932 656 995 Ρ.
669 944 718 993 10.
740 930 762 995 l.
782 936 828 993 16.
850 928 957 1004 σι’ςεως
978 932 1019 1016 δὲ]
1045 932 1073 1014 δὲ
1095 945 1128 996 et
1149 932 1213 996 hoc
1234 932 1308 995 loco
1330 943 1363 995 et
1384 945 1459 1018 post
1479 932 1571 996 abest
1592 955 1614 997 a

577 1015 758 1101 Illiceplroro.
779 1015 864 1101 apud
878 1015 1016 1101 eundem
1033 1016 1143 1081 ordine
1160 1032 1283 1081 mutato
1299 1017 1429 1103 legitur,
1444 1021 1465 1079 εἰ·
1475 1018 1504 1080 σι’
1517 1016 1611 1101 λέγε-

577 1127 622 1165 σιν
635 1104 663 1180 si
675 1105 747 1180 δεῑυη
761 1098 877 1186 γραρυέ.
894 1102 1063 1166 S‘rnorrr.
1093 1128 1126 1165 τε
1140 1125 1199 1187 pro
1211 1103 1367 1189 particula
1382 1105 1409 1166 δὲ
1424 1104 1500 1167 MS.
1516 1101 1610 1168 Bodl.

576 1186 610 1252 in
645 1210 689 1251 uo
704 1186 815 1251 codice
829 1187 977 1250 scribitur
991 1190 1012 1248 δ’
1026 1188 1201 1271 ἠγνοήκασιν.
1383 1228 1386 1234 ,
1507 1223 1509 1227 ·
1539 1207 1541 1211 ’

621 1274 637 1336 l
662 1272 707 1337 id.
722 1273 744 1336 l.
758 1288 808 1336 21.
830 1272 947 1357 σνέτυρον
962 1273 1128 1353 συνημμένον
1142 1273 1158 1351 ἢ
1172 1273 1367 1358 διεζευγμένον]
1417 1274 1470 1337 uid
1486 1274 1527 1337 sit
1541 1299 1611 1337 συν·

572 1358 692 1441 ημμένον
706 1373 739 1458 et
753 1358 830 1458 quid
845 1358 1040 1441 διεζευγμένον,
1054 1357 1173 1423 docent
1187 1359 1366 1422 Dialectici.
1383 1277 1612 1424 qhonuntiata

575 1465 650 1593 quae
668 1446 769 1510 Stoici
787 1443 936 1524 ἀξιώματα
953 1457 1078 1522 vocant,
1093 1444 1156 1508 alia
1177 1457 1251 1509 sunt
1271 1445 1437 1531 simplicia,
1453 1457 1489 1508 ut
1509 1444 1611 1508 illud:

599 1528 641 1595 ies
654 1540 723 1594 est.-
746 1529 808 1594 alia
824 1551 886 1593 nou
901 1528 1068 1613 simplicia.
1111 1532 1160 1593 Ex
1182 1530 1231 1593 his
1253 1553 1326 1615 quae
1348 1552 1412 1594 non
1435 1543 1510 1594 sunt
1531 1530 1611 1595 sim-

573 1615 681 1700 plicia,
700 1616 759 1680 alia
779 1628 853 1679 sunt
870 1614 1028 1694 συνημμένα
1042 1614 1075 1678 id
1090 1629 1140 1679 est
1152 1637 1304 1690 connexa,
1319 1639 1392 1700 quae
1406 1626 1558 1680 constant
1569 1634 1616 1681 ex·

572 1700 702 1766 duobus
718 1700 846 1765 diversis
859 1699 1071 1785 pronuntiatis
1081 1724 1090 1778 ;
1114 1700 1255 1779 utillud,
1273 1702 1300 1765 si
1316 1702 1381 1765 dies
1398 1711 1455 1779 est,
1475 1701 1532 1765 lux
1550 1713 1609 1766 est.

575 1786 652 1851 Alia
674 1787 850 1870 διεζευγμένον
871 1806 929 1849 seu
949 1784 1130 1872 disjuncta:
1153 1799 1190 1850 ut
1211 1787 1304 1866 illud,
1319 1797 1374 1850 out
1395 1787 1459 1850 dies
1479 1797 1536 1867 est,
1551 1798 1610 1852 out
1678 1814 1684 1822 ·

574 1894 638 1935 nox
660 1882 716 1935 est.
751 1871 835 1936 Vide
858 1871 925 1935 Dio
969 1892 1041 1934 nem
1069 1872 1233 1936 Laie'rtium
1258 1872 1289 1936 in
1315 1875 1455 1936 Zenone.
1492 1873 1610 1937 Sextus

574 1957 754 2043 Empirlcus
766 1957 796 2020 σδ
815 1980 981 2039 συνημμενον
994 1955 1116 2035 definit,
1127 1960 1158 2019 τδ
1173 1961 1282 2032 συνεςδς
1297 1960 1327 2035 ἐξ
1341 1957 1498 2040 ἀξιώματος
1512 1961 1609 2041 διαφυ-

605 2043 712 2123 υμένου,
727 2042 742 2119 ἢ
757 2046 788 2121 ἐξ
800 2041 965 2122 ἀξιωμάτων
978 2040 1164 2127 διαφερόντων,
1180 2046 1223 2106 δισὶ
1236 2050 1285 2106 τοῦ
1300 2043 1350 2120 stt
1367 2042 1437 2129 εἴπερ
1456 2042 1607 2125 συνδέομεν.

573 2067 617 2191 gt
631 2128 813 2213 exemplum
829 2125 963 2191 connexi
977 2128 1066 2213 quod
1087 2127 1122 2191 fit
1141 2150 1181 2191 ex
1201 2130 1406 2213 pronuntiato
1421 2130 1609 2215 διαφορουμένην

573 2211 638 2278 hoc
652 2213 761 2278 affert:
785 2212 896 2278 sidies
915 2226 975 2290 est,
989 2213 1056 2276 dies
1069 2227 1129 2278 est.
1172 2216 1220 2277 Ex
1242 2236 1308 2301 quo
1330 2214 1540 2299 corrigendus
1558 2231 1609 2281 est

572 2300 739 2386 Diogenes
762 2299 909 2363 La'e‘rtius
931 2297 963 2361 in
986 2300 1118 2363 Zenone
1139 2298 1200 2363 hoc
1220 2298 1329 2376 modo,
1344 2303 1375 2377 ἐξ
1387 2300 1544 2380 ἀξιώματος
1556 2302 1608 2381 μὲν

572 2384 790 2471 διαφορουμένου,
806 2384 868 2463 οἷον,
885 2388 908 2447 εἰ
922 2383 1009 2470 ἡμέρα
1024 2386 1090 2463 έςδν,
1104 2384 1193 2470 ἡμέρα
1211 2385 1276 2457 ὲςέν.
1315 2386 1412 2449 Porro
1430 2397 1496 2447 tam
1519 2386 1607 2471 apud

572 2471 705 2536 Sextum
720 2491 817 2557 quarn
834 2469 919 2556 apud
933 2472 1097 2534 Ladrtium
1113 2470 1241 2534 mallem
1258 2472 1395 2534 scribere
1410 2472 1606 2556 διφορνυμένου,

567 2555 845 2643 quemadmodum
860 2554 979 2639 legitur
992 2556 1078 2640 apud
1091 2555 1307 2619 Alexandrum
1323 2556 1606 2641 Aphrodisiensem

571 2640 605 2705 in
619 2642 726 2728 priora
738 2640 920 2727 Analytica.
965 2641 1051 2703 Nam
1075 2640 1268 2724 διφορούμενσν,
1290 2639 1372 2703 idern
1394 2641 1548 2727 estquod
1568 2644 1606 2719 δὶς

550 2725 789 2808 ιλαμέοινέμενον.
831 2728 874 2790 Et
889 2723 958 2789 haec
972 2724 1100 2810 quidem
1123 2725 1163 2789 de
1186 2725 1298 2789 harum
1313 2749 1427 2808 vocum
1451 2726 1605 2813 interpre-

571 2812 693 2878 tatione
714 2811 800 2876 diota
820 2810 985 2876 sufficiant.
1029 2811 1128 2897 Quod
1142 2832 1216 2875 vero
1238 2824 1360 2898 spectat
1373 2812 1413 2877 ad
1430 2812 1526 2900 hujus
1541 2814 1606 2880 loci

569 2898 871 2984 interpunctionem,
885 2897 993 2982 scripti
1008 2896 1135 2960 codices
1147 2897 1231 2962 inter
1245 2919 1279 2960 se
1291 2899 1492 2962 dissentiunt.
1515 2901 1604 2964 Nam

542 2999 544 3003 “
570 2985 692 3070 Regius
707 2983 837 3070 quidem
853 2982 956 3046 codex
975 3004 1071 3068 quem
1092 3000 1221 3047 secutus
1240 2996 1290 3046 est
1314 2984 1396 3047 Rob.
1412 2984 1604 3069 Stephanus,

570 3083 645 3155 post
670 3090 782 3133 vocem
810 3067 992 3153 διεζευγμένον
1019 3068 1174 3154 virgulam
1204 3069 1301 3133 habet
1326 3071 1505 3154 appositam
1521 3095 1535 3148 3-
1566 3087 1605 3137 ut

570 3156 651 3220 scias
672 3175 765 3218 voces
785 3153 854 3218 illas
874 3152 1041 3237 συνημμένον
1062 3155 1109 3216 καὶ
1132 3155 1326 3238 διεζευγμένον,
1341 3155 1519 3219 referendas
1533 3177 1604 3220 esse

569 3241 611 3306 ad
625 3244 657 3304 τδ
670 3243 747 3328 ῥητδν
761 3238 850 3327 quod
865 3237 1027 3326 praecessit
1037 3263 1052 3302 t·
1069 3260 1132 3303 non
1145 3253 1250 3303 autem
1267 3240 1306 3303 ad
1322 3246 1405 3325 γῆμον
1419 3247 1603 3327 συλλογισμέ

569 3327 659 3415 quod
674 3327 818 3412 proxime
835 3349 866 3390 se
891 3327 986 3390 uitur.
1014 3325 1078 3389 Sed
1094 3326 1207 3412 reliqui
1222 3327 1348 3389 codices
1363 3328 1452 3390 Max.
1463 3340 1497 3391 et
1511 3328 1602 3392 Med.

570 3435 644 3477 cum
660 3413 685 3476 F
686 3412 744 3476 uk.
758 3424 792 3476 et
807 3349 975 3490 Saviliano,
991 3424 1064 3497 post
1077 3432 1187 3474 vocem
1207 3413 1391 3494 διεζευγμένον
1409 3413 1529 3475 nullam
1545 3413 1604 3477 ad·

569 3499 683 3562 hibent
702 3497 951 3575 distinctionem,
973 3497 1029 3561 sed
1051 3509 1174 3559 tantum
1198 3510 1271 3581 post
1291 3518 1401 3559 vocem
1424 3498 1601 3581 συνημμένον.

567 3584 675 3671 Quam
698 3582 935 3645 distinctionem
956 3594 1084 3645 secutus
1106 3581 1237 3644 Rufinus
1259 3603 1296 3644 ac
1314 3581 1426 3668 reliqui
1447 3583 1602 3669 interpre-

566 3683 627 3746 tes',
641 3688 820 3732 connexum
842 3689 879 3731 ac
900 3666 1109 3752 disjunctum,
1125 3665 1191 3730 duo
1205 3666 1468 3752 syllogismorum
1483 3690 1602 3754 genera

564 3764 637 3820 esse
662 3751 894 3818 existimarunt.
939 3751 1025 3816 Mihi
1052 3751 1145 3836 prior
1165 3753 1328 3816 distinctio
1356 3754 1459 3839 magis
1484 3753 1600 3841 placet.

565 3843 775 3906 quasrus.
1011 3901 1014 3907 ,
1178 3892 1180 3898 ,

611 3925 694 3989 lbid.
708 3923 730 3988 l.
746 3938 794 3988 23.
816 3927 854 3985 σε
867 3923 944 4006 oet]
962 3921 1066 3987 Abest
1081 3942 1100 3985 a
1113 3922 1189 3986 MS.
1206 3921 1344 4008 Norfolc.

529 4081 531 4086 ,
611 4012 646 4074 Ρ.’
661 4025 709 4074 11.
725 4011 746 4074 l.
761 4025 787 4072 1.
809 4007 855 4071 σδν
870 4006 972 4072 ἄνωθεν
987 4007 1145 4094 ἐρχόμενον]
1162 4007 1482 4094 Christophorsonus·
1490 4009 1600 4076 vertit:

569 4095 727 4161 Christum
742 4098 796 4181 qni
809 4094 846 4157 de
861 4093 936 4158 caelo
951 4105 1097 4157 venturas
1109 4103 1155 4157 est
1167 4093 1292 4178 penitas
1307 4095 1318 4156 i
1343 4105 1463 4158 norant.
1489 4096 1598 4161 Ouam

564 4181 860 4266 interpretationem
882 4179 1033 4266 equidem
1059 4201 1124 4242 non
1146 4179 1275 4244 damno.
1317 4117 1372 4243 {ic
1398 4180 1482 4242 enirn
1491 4161 1599 4267 loqui

565 4268 669 4332 solent
681 4266 783 4329 sancti
797 4280 902 4350 patres
916 4264 956 4328 de
970 4285 1121 4350 supremo
1132 4265 1269 4329 adventu
1282 4265 1414 4343 Christi,
1427 4288 1492 4351 quo
1505 4287 1600 4330 mun-

566 4352 646 4417 dum
656 4351 859 4439 judicaturus
875 4363 925 4414 est
936 4374 945 4428 ;
969 4372 1032 4415 non
1053 4350 1143 4436 quasi
1165 4350 1206 4415 de
1225 4352 1346 4429 futuro,
1365 4351 1421 4415 sed
1445 4363 1598 4436 tanquam

519 4447 522 4455 “
563 4438 607 4503 'de
623 4436 793 4524 praesenti:
816 4437 928 4534 έρχεσου
949 4435 1044 4522 κρίνειν
1066 4439 1167 4517 ζῶντας
1189 4434 1236 4512 νου)
1255 4436 1370 4521 νεκρούς.
1414 4438 1464 4500 Ita
1483 4439 1597 4522 Hege-

563 4524 675 4609 sippus
691 4523 723 4586 in
739 4536 892 4607 martyrio
906 4521 1007 4586 sancti
1021 4522 1147 4599 Jacobi‚
1159 4534 1192 4585 et
1206 4522 1259 4585 alii
1273 4522 1388 4607 passim
1402 4522 1443 4584 ab
1457 4523 1600 4586 Eusebio

562 4608 665 4673 citati.
711 4609 845 4672 Possunt
860 4622 966 4670 tamen
982 4606 1052 4670 haec
1067 4607 1161 4670 verba
1177 4607 1272 4670 etiam
1292 4607 1333 4670 de
1355 4607 1460 4692 primo
1475 4607 1600 4673 Christi

562 4693 700 4763 adventu
719 4691 868 4780 intelligi,
886 4691 1053 4780 quomodo
1075 4691 1202 4781 accepit
1221 4693 1366 4759 Rufinus.
1387 4693 1598 4761 Vxnxsrus.

1424 4984 1465 5029 ἦ·

1634 4806 1648 4837 ῑ
