4092 5675
543 762 595 830 IN
614 759 759 838 ANON.
779 751 916 826 AUCT.
938 754 1127 828 CONTRA
1145 755 1340 822 CATAPH.
1414 777 1455 844 91

424 941 449 986 *ί
464 945 520 999 t-ua
533 932 655 998 nullam
670 930 808 1017 amplius
822 929 989 994 mulierem
1005 928 1165 994 fatidicam
1182 929 1386 1008 exorituram,
1402 930 1460 996 sed

423 1027 449 1076 ἕ(
460 1019 632 1097 conamina,
646 1015 933 1082 comminationem
953 1015 1073 1080 scilicet
1094 1024 1142 1079 τοῦ
1165 1020 1256 1090 αἰῶνος
1277 1038 1333 1079 seu
1351 1017 1460 1080 mundi

419 1113 448 1148 “
461 1107 605 1184 futuram
619 1125 698 1168 esse.
732 1104 815 1167 Haec
830 1103 959 1169 oracula
974 1102 1052 1179 sola,
1067 1102 1093 1166 si
1107 1101 1154 1165 vel
1169 1102 1364 1188 caeteroquin
1381 1103 1461 1166 nihil

417 1199 448 1234 “
459 1213 538 1256 cum
561 1191 626 1254 suis
650 1191 827 1253 Montanus
845 1187 1025 1252 admisisset
1038 1187 1180 1265 noxium,
1195 1187 1395 1252 Christianos
1410 1187 1461 1251 in·

421 1284 448 1358 ‘.‘
462 1275 582 1342 ducere
596 1275 755 1340 debebant
772 1296 831 1360 pro
851 1273 993 1338 ecclesiae
1010 1273 1113 1338 salute
1127 1273 1304 1358 vigilantes,
1320 1288 1358 1337 ut
1373 1273 1461 1360 ejus-

423 1368 449 1442 f‘
462 1363 554 1428 modi
566 1361 713 1425 homines
726 1361 871 1426 incautos
882 1374 916 1424 et
927 1358 1062 1423 audaces
1075 1358 1226 1423 societate
1242 1381 1299 1423 sua
1313 1359 1463 1423 exclude·

424 1455 449 1490 “
464 1461 546 1512 rent.
590 1445 800 1525 Abundabat,
816 1446 904 1531 quod
919 1458 1038 1509 veteres
1055 1467 1120 1508 non
1134 1444 1345 1521 dissimulant,
1360 1446 1461 1509 Mon-

423 1541 448 1600 ἔ*
464 1533 591 1598 tanistae
615 1554 688 1597 vero
713 1531 939 1618 praedicabant,
965 1544 1051 1594 secta
1076 1530 1227 1594 Montani
1255 1531 1461 1629 martyribus.

425 1621 563 1684 “Forte
585 1617 730 1705 plerique
750 1617 866 1682 horum
892 1640 956 1681 non
978 1630 1044 1680 tam
1069 1616 1201 1694 Christi,
1221 1638 1318 1702 quam
1340 1638 1462 1701 impru-

426 1712 451 1745 “
466 1704 584 1770 dentiae
606 1726 644 1768 ac
665 1703 853 1768 temeritatis
876 1725 941 1768 suae
963 1717 1119 1790 martyres
1134 1714 1233 1779 erant,
1251 1702 1464 1788 Romanisque

426 1797 451 1832 “
460 1790 627 1879 judicibus
641 1811 752 1875 poenas
767 1789 893 1853 violatae
912 1789 1089 1876 majestatis
1110 1788 1236 1873 imperii
1253 1800 1286 1850 et
1305 1787 1390 1851 orbis
1406 1789 1463 1851 de-

426 1884 451 1918 “
463 1875 611 1952 derant.'’
639 1877 721 1939 Sacc.
736 1875 875 1938 Secundi
890 1889 968 1939 sect.
982 1874 1066 1938 lxvii.
1083 1895 1114 1959 p.
1127 1887 1196 1937 424.
1233 1875 1319 1938 Vera
1334 1873 1464 1960 quidem

425 1962 502 2028 haec
522 1973 600 2027 sunt
620 1960 662 2024 de
683 1962 832 2026 cautione
858 1960 1125 2038 Christianorum,
1147 1959 1327 2023 verisimilia
1348 1960 1403 2023 illa
1425 1959 1466 2024 de

425 2048 612 2118 temeritate
635 2046 876 2125 Montanistica,
897 2059 931 2110 et
952 2046 1083 2110 forsitan
1105 2047 1198 2108 verba
1219 2068 1292 2130 quae
1317 2068 1393 2110 mox
1415 2068 1466 2109 se-

427 2147 586 2222 quuntur,
601 2133 648 2196 uui
669 2133 731 2207 τοὺς
749 2131 852 2218 ὄχλους
871 2133 1039 2219 tagathon,
1054 2132 1163 2194 omnia
1186 2132 1220 2193 M
1228 2132 1363 2195 oshcmii
1384 2132 1467 2195 tueri

428 2218 595 2286 nonnullis
611 2217 794 2296 videantur3
817 2217 874 2282 sed
889 2231 1007 2295 tamen,
1022 2218 1055 2280 ni
1071 2217 1175 2294 fallor,
1191 2217 1307 2280 modus
1326 2217 1467 2302 prophe·

428 2304 521 2372 tandi
535 2317 788 2391 praetermorem
805 2303 935 2367 solitum
949 2318 982 2367 ct
994 2304 1027 2366 in
1041 2301 1176 2366 ecclesia
1189 2317 1363 2387 receptum,
1377 2324 1468 2387 aeque

430 2413 470 2464 aa
496 2412 548 2456 res
573 2389 651 2476 ipsae
674 2388 847 2475 praedictae,
870 2389 933 2453 hoc
955 2389 1084 2475 quidam
1107 2387 1181 2451 loco
1204 2386 1467 2472 reprehenditur,

430 2475 627 2552 conferenda
647 2475 733 2540 enim
755 2497 829 2539 cnm
850 2474 914 2542 illis
937 2489 1022 2550 sunt,
1040 2496 1112 2558 quae
1135 2486 1247 2558 postea
1267 2471 1307 2536 ad
1330 2496 1403 2559 pag.
1419 2488 1468 2537 82.

432 2561 593 2627 Eusebius
608 2559 782 2646 exscripsit,
796 2561 852 2624 ubi
866 2560 1041 2646 evangelici
1058 2572 1153 2637 vates,
1168 2558 1224 2645 qui
1239 2558 1378 2636 oscitano
1393 2581 1469 2644 pro-

433 2647 553 2736 phetiae
574 2646 724 2733 gratiam,
738 2647 779 2710 ab
793 2660 924 2710 auctore
940 2658 1153 2710 recensentur.
1198 2646 1295 2708 Porro
1319 2644 1359 2708 de
1379 2666 1470 2708 more

433 2733 601 2818 modoque
627 2732 837 2818 prophetandi
860 2731 1037 2817 disceptare
1060 2731 1259 2794 consuevisse
1283 2729 1471 2795 Catholicae

434 2831 470 2886 et
495 2818 711 2883 Montanistas
739 2840 778 2882 ex
802 2818 999 2884 Tertulliano
1025 2816 1186 2895 discimus,
1210 2816 1270 2966 qui
1292 2816 1325 2881 in
1349 2816 1405 2882 lib.
1429 2817 1469 2881 iv.

436 2907 557 2971 Gorrtra
571 2903 731 2968 Marcion.
746 2903 826 2968 illud
842 2905 966 2968 disertis
989 2905 1090 2968 verbis
1115 2903 1208 2988 prodi
1233 2904 1268 2966 it.
1313 2905 1364 2967 Ita
1384 2904 1469 2968 enim

434 2992 542 3079 capite
563 3004 614 3055 22.
640 2995 822 3074 axspacensis
848 2990 902 3054 ille
926 2990 1087 3068 Montani,
1109 2995 1131 3027 “
1147 2989 1313 3053 Faciamus
1334 2989 1387 3053 hic
1410 2991 1471 3055 tria

435 3076 692 3152 “'tabernacula,
721 3098 822 3140 unum
855 3076 927 3153 tibi,
956 3090 989 3139 ct
1017 3075 1130 3161 Moysi
1158 3098 1270 3152 unum,
1298 3089 1330 3138 et
1364 3076 1470 3139 Helice

435 3170 461 3204 “
473 3184 599 3241 unum;
622 3161 678 3226 sed
693 3162 834 3225 nesciens
849 3161 925 3248 quid
940 3161 1092 3225 diceret.’'
1139 3161 1293 3246 Quomodo
1309 3160 1472 3224 nesciens?

436 3258 585 3317 utrumne
608 3245 742 3331 simplici
764 3270 873 3326 errore,
900 3269 941 3311 an
962 3245 1082 3310 ratione
1105 3267 1197 3331 qinom
1223 3245 1417 3329 defendimus
1438 3246 1471 3308 in

437 3356 533 3409 carna
552 3354 643 3398 novae
665 3330 848 3416 prophetice,
869 3332 986 3419 gratiae
1006 3331 1147 3408 ecstasin,
1163 3331 1196 3393 id
1217 3342 1273 3410 est,
1290 3335 1469 3405 canentiam,

438 3419 630 3485 cotwenire?
661 3418 699 3481 In
725 3417 838 3501 spirito
863 3417 1053 3482 misschano
1079 3417 1270 3494 constitutos,
1294 3417 1472 3499 praesertim

505 3528 536 3569 m
559 3503 697 3592 gloriam
720 3503 782 3567 Dei
807 3503 963 3588 conspicit,
989 3502 1038 3566 oei
1062 3525 1156 3589 qanrn
1180 3517 1236 3586 per
1262 3503 1362 3586 ipsum
1387 3503 1473 3565 Dens

438 3528 591 3680 miltun,
605 3611 721 3653 necesse
741 3599 786 3652 est
810 3589 932 3654 excidat
955 3611 1053 3665 sensa,
1069 3587 1263 3651 attaminatos
1278 3588 1392 3651 scilicet
1408 3587 1472 3652 oir-

440 3688 509 3743 tute
521 3675 653 3753 Divino,
668 3675 778 3761 dequo
793 3675 873 3739 inter
886 3698 939 3739 nos
954 3686 983 3738 et
1000 3674 1162 3760 Psychicos
1178 3677 1307 3760 qooestia
1328 3685 1384 3737 est.
1422 3676 1475 3737 Ita

437 3776 472 3827 et
486 3763 521 3826 in
534 3762 591 3826 lib.
604 3784 632 3824 v.
652 3760 754 3847 ejusd.
778 3773 903 3825 tractat.
922 3783 950 3823 c.
966 3774 994 3823 e.
1012 3783 1052 3824 ex
1070 3782 1146 3823 atace
1166 3759 1279 3833 ἔκςασις
1302 3781 1475 3844 argumen-

438 3864 512 3914 tum
526 3847 617 3912 ducit
630 3845 714 3910 idem
730 3860 843 3910 auctor
859 3845 1092 3921 Tertullianus3
1118 3846 1150 3907 in
1169 3847 1277 3909 ecstasi
1297 3844 1421 3929 (inquit)
1442 3844 1477 3907 io

439 3945 498 4011 est,
524 3932 673 4010 amentia,
698 3931 724 3995 si
752 3954 813 4017 qna
837 3931 957 4017 lingone
982 3931 1207 4014 interpretatio,
1231 3930 1365 3994 accessit.
1410 3930 1474 3993 Cui

440 4019 576 4108 quidem
590 4017 676 4081 vocis
691 4018 943 4102 interpretationi
959 4039 992 4079 se
1004 4016 1165 4101 opposuit,
1178 4017 1247 4079 loca
1263 4016 1364 4081 multa
1378 4038 1475 4079 sacrae

440 4105 609 4190 scripturae
623 4124 795 4188 expansae,
811 4103 1005 4188 Epiphanius
1021 4103 1052 4165 in
1071 4103 1190 4165 liceras.
1205 4103 1299 4165 xlviii.
1316 4120 1388 4187 quae
1408 4117 1477 4165 tota

441 4190 592 4258 adversus
615 4188 840 4273 Cataphrygas
864 4188 1038 4273 disputatio
1062 4190 1127 4250 fera
1150 4189 1181 4249 in
1206 4210 1245 4249 co
1269 4203 1418 4266 versatur,
1440 4202 1478 4250 ut

441 4274 633 4342 ostendatur
652 4275 854 4358 perturbatus
871 4272 968 4359 atque
986 4273 1187 4358 phreneticus
1201 4274 1391 4337 vaticinandi
1406 4296 1478 4335 rno-

442 4363 517 4441 dus,
532 4360 588 4447 qui
603 4375 720 4445 praeter
736 4381 856 4421 morem
874 4359 1040 4422 catholicae
1064 4358 1205 4421 ccclesiae
1227 4382 1246 4421 a
1269 4361 1428 4423 Montano
1446 4374 1479 4421 et

442 4446 611 4534 prophetis
633 4443 703 4530 ejus
725 4443 885 4508 adhibitus
907 4456 966 4521 est,
984 4444 1068 4528 apud
1090 4444 1202 4506 veteris
1224 4446 1358 4529 novique
1381 4457 1478 4506 testa-

443 4532 544 4597 menti
560 4542 647 4594 vates
668 4552 830 4614 nunquam
849 4530 1035 4593 obtinuisse.
1081 4528 1235 4591 Conferns
1253 4529 1369 4592 Valesii
1388 4544 1479 4591 notas

443 4639 522 4683 mox
532 4616 689 4681 adductas
703 4615 885 4679 adverbum
899 4620 1071 4697 ωαρεκςῆνω
1085 4614 1181 4699 paulo
1197 4615 1274 4677 infra
1288 4615 1327 4676 ad
1344 4635 1416 4698 pag.
1430 4626 1479 4690 94.

443 4702 540 4771 etad
561 4700 740 4788 παρεκςᾶσει
757 4722 833 4786 pag.
852 4716 916 4764 100.
952 4700 1051 4786 Quod
1067 4700 1233 4764 novissime
1247 4700 1324 4764 dicit
1344 4699 1481 4764 Moshe-
