<?xml version="1.0" encoding="UTF-8"?>
<!DOCTYPE html PUBLIC "-//W3C//DTD XHTML 1.0 Transitional//EN"
    "http://www.w3.org/TR/xhtml1/DTD/xhtml1-transitional.dtd">
<html xmlns="http://www.w3.org/1999/xhtml" xml:lang="en" lang="en">
 <head>
  <title>
</title>
<meta http-equiv="Content-Type" content="text/html;charset=utf-8" />
  <meta name='ocr-system' content='tesseract 3.04.00' />
  <meta name='ocr-capabilities' content='ocr_page ocr_carea ocr_par ocr_line ocrx_word'/>
</head>
<body>
  <div class='ocr_page' id='page_1' title='image "./reliquiaesacrae09routgoog_0233.png"; bbox 0 0 4092 5675; ppageno 0'>
   <div class='ocr_carea' id='block_1_1' title="bbox 551 711 1495 847">
    <p class='ocr_par' dir='ltr' id='par_1_1' title="bbox 551 711 1495 847">
     <span class='ocr_line' id='line_1_1' title="bbox 551 711 1495 847; baseline -0.002 -33"><span class='ocrx_word' id='word_1_1' title='bbox 551 743 607 814; x_wconf 85' lang='lat' dir='ltr'>m</span> <span class='ocrx_word' id='word_1_2' title='bbox 625 711 852 825; x_wconf 78' lang='lat' dir='ltr'>arnrcn&#39;m</span> <span class='ocrx_word' id='word_1_3' title='bbox 872 739 1010 810; x_wconf 83' lang='lat' dir='ltr'>nrrsr.</span> <span class='ocrx_word' id='word_1_4' title='bbox 1028 735 1096 806; x_wconf 76' lang='lat' dir='ltr'>nn</span> <span class='ocrx_word' id='word_1_5' title='bbox 1114 739 1383 814; x_wconf 80' lang='lat' dir='ltr'>nnrsrronn.</span> <span class='ocrx_word' id='word_1_6' title='bbox 1427 763 1495 847; x_wconf 58' lang='lat' dir='ltr'>a„</span> 
     </span>
    </p>
   </div>
   <div class='ocr_carea' id='block_1_2' title="bbox 369 912 1504 4738">
    <p class='ocr_par' dir='ltr' id='par_1_2' title="bbox 369 912 1500 2102">
     <span class='ocr_line' id='line_1_2' title="bbox 433 912 1493 1068; baseline -0.008 -86"><span class='ocrx_word' id='word_1_7' title='bbox 433 913 557 992; x_wconf 64' lang='lat' dir='ltr'>desum</span> <span class='ocrx_word' id='word_1_8' title='bbox 571 915 709 1068; x_wconf 57' lang='lat' dir='ltr'>„loseppi</span> <span class='ocrx_word' id='word_1_9' title='bbox 728 935 840 994; x_wconf 81' lang='lat' dir='ltr'>verum</span> <span class='ocrx_word' id='word_1_10' title='bbox 860 935 931 982; x_wconf 91' lang='lat' dir='ltr'>esse</span> <span class='ocrx_word' id='word_1_11' title='bbox 952 912 1056 980; x_wconf 86' lang='lat' dir='ltr'>fllium</span> <span class='ocrx_word' id='word_1_12' title='bbox 1077 925 1111 980; x_wconf 91' lang='lat' dir='ltr'>et</span> <span class='ocrx_word' id='word_1_13' title='bbox 1132 915 1360 994; x_wconf 83' lang='lat' dir='ltr'>tantummodo</span> <span class='ocrx_word' id='word_1_14' title='bbox 1381 915 1493 994; x_wconf 77' lang='lat' dir='ltr'>homi.</span> 
     </span>
     <span class='ocr_line' id='line_1_3' title="bbox 443 999 1497 1152; baseline -0.001 -84"><span class='ocrx_word' id='word_1_15' title='bbox 443 1021 521 1080; x_wconf 67' lang='lat' dir='ltr'>nem</span> <span class='ocrx_word' id='word_1_16' title='bbox 535 1015 645 1078; x_wconf 82' lang='lat' dir='ltr'>statue</span> <span class='ocrx_word' id='word_1_17' title='bbox 686 1015 734 1068; x_wconf 92' lang='lat' dir='ltr'>nt.</span> <span class='ocrx_word' id='word_1_18' title='bbox 777 999 868 1152; x_wconf 49' lang='lat' dir='ltr'>§inid</span> <span class='ocrx_word' id='word_1_19' title='bbox 883 999 974 1088; x_wconf 85' lang='lat' dir='ltr'>quod</span> <span class='ocrx_word' id='word_1_20' title='bbox 989 1015 1072 1068; x_wconf 86' lang='lat' dir='ltr'>teste</span> <span class='ocrx_word' id='word_1_21' title='bbox 1091 999 1126 1066; x_wconf 92' lang='lat' dir='ltr'>in</span> <span class='ocrx_word' id='word_1_22' title='bbox 1143 1000 1220 1072; x_wconf 83' lang='lat' dir='ltr'>loco</span> <span class='ocrx_word' id='word_1_23' title='bbox 1238 1023 1276 1076; x_wconf 80' lang='lat' dir='ltr'>su</span> <span class='ocrx_word' id='word_1_24' title='bbox 1299 1023 1335 1066; x_wconf 88' lang='lat' dir='ltr'>ra</span> <span class='ocrx_word' id='word_1_25' title='bbox 1350 1000 1497 1076; x_wconf 82' lang='lat' dir='ltr'>indicato¹</span> 
     </span>
     <span class='ocr_line' id='line_1_4' title="bbox 442 1085 1497 1174; baseline -0.004 -22"><span class='ocrx_word' id='word_1_26' title='bbox 442 1085 646 1174; x_wconf 73' lang='lat' dir='ltr'>Epiphanio,</span> <span class='ocrx_word' id='word_1_27' title='bbox 659 1087 773 1155; x_wconf 82' lang='lat' dir='ltr'>multae</span> <span class='ocrx_word' id='word_1_28' title='bbox 815 1105 929 1152; x_wconf 78' lang='lat' dir='ltr'>teresse</span> <span class='ocrx_word' id='word_1_29' title='bbox 952 1085 1095 1164; x_wconf 86' lang='lat' dir='ltr'>fuerunt,</span> <span class='ocrx_word' id='word_1_30' title='bbox 1110 1107 1184 1171; x_wconf 81' lang='lat' dir='ltr'>quse</span> <span class='ocrx_word' id='word_1_31' title='bbox 1198 1085 1263 1151; x_wconf 88' lang='lat' dir='ltr'>hau</span> <span class='ocrx_word' id='word_1_32' title='bbox 1301 1085 1399 1162; x_wconf 73' lang='lat' dir='ltr'>timul</span> <span class='ocrx_word' id='word_1_33' title='bbox 1413 1107 1497 1152; x_wconf 60' lang='lat' dir='ltr'>con-t</span> 
     </span>
     <span class='ocr_line' id='line_1_5' title="bbox 400 1169 1495 1258; baseline -0.005 -22"><span class='ocrx_word' id='word_1_34' title='bbox 400 1193 405 1201; x_wconf 94' lang='lat'>·</span> <span class='ocrx_word' id='word_1_35' title='bbox 444 1185 537 1250; x_wconf 72' lang='lat' dir='ltr'>stare</span> <span class='ocrx_word' id='word_1_36' title='bbox 560 1191 658 1258; x_wconf 66' lang='lat' dir='ltr'>posse</span> <span class='ocrx_word' id='word_1_37' title='bbox 681 1171 877 1244; x_wconf 80' lang='lat' dir='ltr'>affinnerent</span> <span class='ocrx_word' id='word_1_38' title='bbox 903 1170 1019 1234; x_wconf 82' lang='lat' dir='ltr'>Mariae</span> <span class='ocrx_word' id='word_1_39' title='bbox 1045 1185 1143 1257; x_wconf 85' lang='lat' dir='ltr'>atque</span> <span class='ocrx_word' id='word_1_40' title='bbox 1170 1169 1317 1235; x_wconf 85' lang='lat' dir='ltr'>Elisabet</span> <span class='ocrx_word' id='word_1_41' title='bbox 1337 1191 1378 1236; x_wconf 88' lang='lat' dir='ltr'>ex</span> <span class='ocrx_word' id='word_1_42' title='bbox 1398 1171 1495 1236; x_wconf 71' lang='lat' dir='ltr'>Lesi-</span> 
     </span>
     <span class='ocr_line' id='line_1_6' title="bbox 443 1253 1497 1344; baseline -0.003 -21"><span class='ocrx_word' id='word_1_43' title='bbox 443 1255 516 1334; x_wconf 78' lang='lat' dir='ltr'>tico</span> <span class='ocrx_word' id='word_1_44' title='bbox 537 1277 663 1344; x_wconf 72' lang='lat' dir='ltr'>genere,</span> <span class='ocrx_word' id='word_1_45' title='bbox 683 1255 829 1334; x_wconf 79' lang='lat' dir='ltr'>oriundae</span> <span class='ocrx_word' id='word_1_46' title='bbox 853 1256 1083 1342; x_wconf 78' lang='lat' dir='ltr'><strong>cognationem</strong></span> <span class='ocrx_word' id='word_1_47' title='bbox 1107 1275 1183 1320; x_wconf 90' lang='lat' dir='ltr'>cnm</span> <span class='ocrx_word' id='word_1_48' title='bbox 1209 1253 1354 1342; x_wconf 86' lang='lat' dir='ltr'>ejusdem</span> <span class='ocrx_word' id='word_1_49' title='bbox 1379 1256 1497 1336; x_wconf 69' lang='lat' dir='ltr'>Marito¹</span> 
     </span>
     <span class='ocr_line' id='line_1_7' title="bbox 369 1339 1499 1428; baseline -0.004 -22"><span class='ocrx_word' id='word_1_50' title='bbox 369 1363 377 1372; x_wconf 90' lang='lat'><strong>·</strong></span> <span class='ocrx_word' id='word_1_51' title='bbox 445 1355 526 1417; x_wconf 75' lang='lat' dir='ltr'>ortu</span> <span class='ocrx_word' id='word_1_52' title='bbox 546 1361 589 1418; x_wconf 64' lang='lat' dir='ltr'>ex</span> <span class='ocrx_word' id='word_1_53' title='bbox 612 1339 747 1406; x_wconf 86' lang='lat' dir='ltr'>stidis</span> <span class='ocrx_word' id='word_1_54' title='bbox 769 1363 808 1406; x_wconf 89' lang='lat' dir='ltr'>ac</span> <span class='ocrx_word' id='word_1_55' title='bbox 828 1339 924 1406; x_wconf 81' lang='lat' dir='ltr'>Judae</span> <span class='ocrx_word' id='word_1_56' title='bbox 947 1341 1045 1426; x_wconf 83' lang='lat' dir='ltr'><strong>stirpe</strong></span> <span class='ocrx_word' id='word_1_57' title='bbox 1057 1363 1067 1420; x_wconf 79' lang='lat'>3</span> <span class='ocrx_word' id='word_1_58' title='bbox 1095 1353 1291 1426; x_wconf 87' lang='lat' dir='ltr'>quapropter</span> <span class='ocrx_word' id='word_1_59' title='bbox 1314 1339 1375 1416; x_wconf 91' lang='lat' dir='ltr'>hos</span> <span class='ocrx_word' id='word_1_60' title='bbox 1396 1361 1499 1428; x_wconf 66' lang='lat' dir='ltr'>nega-r</span> 
     </span>
     <span class='ocr_line' id='line_1_8' title="bbox 444 1423 1497 1524; baseline -0.002 -32"><span class='ocrx_word' id='word_1_61' title='bbox 444 1425 532 1502; x_wconf 82' lang='lat' dir='ltr'>bant</span> <span class='ocrx_word' id='word_1_62' title='bbox 549 1423 675 1502; x_wconf 78' lang='lat' dir='ltr'>natales</span> <span class='ocrx_word' id='word_1_63' title='bbox 694 1426 793 1490; x_wconf 87' lang='lat' dir='ltr'>matri</span> <span class='ocrx_word' id='word_1_64' title='bbox 812 1427 893 1492; x_wconf 90' lang='lat' dir='ltr'>Jesu</span> <span class='ocrx_word' id='word_1_65' title='bbox 913 1437 1045 1524; x_wconf 88' lang='lat' dir='ltr'>propter</span> <span class='ocrx_word' id='word_1_66' title='bbox 1066 1425 1295 1523; x_wconf 75' lang='lat' dir='ltr'>cognationem</span> <span class='ocrx_word' id='word_1_67' title='bbox 1322 1425 1393 1511; x_wconf 86' lang='lat' dir='ltr'>ejus</span> <span class='ocrx_word' id='word_1_68' title='bbox 1417 1447 1497 1504; x_wconf 84' lang='lat' dir='ltr'>cum</span> 
     </span>
     <span class='ocr_line' id='line_1_9' title="bbox 445 1508 1498 1597; baseline -0.006 -23"><span class='ocrx_word' id='word_1_69' title='bbox 445 1509 619 1587; x_wconf 68' lang='lat' dir='ltr'>Elimbetl</span> <span class='ocrx_word' id='word_1_70' title='bbox 642 1510 734 1574; x_wconf 82' lang='lat' dir='ltr'>Male</span> <span class='ocrx_word' id='word_1_71' title='bbox 747 1510 892 1597; x_wconf 87' lang='lat' dir='ltr'>quidem,</span> <span class='ocrx_word' id='word_1_72' title='bbox 907 1509 964 1586; x_wconf 82' lang='lat' dir='ltr'>sed</span> <span class='ocrx_word' id='word_1_73' title='bbox 978 1508 1099 1574; x_wconf 88' lang='lat' dir='ltr'>rdcirco</span> <span class='ocrx_word' id='word_1_74' title='bbox 1114 1509 1168 1574; x_wconf 87' lang='lat' dir='ltr'>rsti</span> <span class='ocrx_word' id='word_1_75' title='bbox 1182 1521 1328 1584; x_wconf 81' lang='lat' dir='ltr'>neutram</span> <span class='ocrx_word' id='word_1_76' title='bbox 1340 1511 1498 1595; x_wconf 73' lang='lat' dir='ltr'>genealo-</span> 
     </span>
     <span class='ocr_line' id='line_1_10' title="bbox 446 1593 1498 1688; baseline 0 -30"><span class='ocrx_word' id='word_1_77' title='bbox 446 1593 628 1680; x_wconf 78' lang='lat' dir='ltr'>giam,sive</span> <span class='ocrx_word' id='word_1_78' title='bbox 643 1595 744 1662; x_wconf 80' lang='lat' dir='ltr'>Lucre</span> <span class='ocrx_word' id='word_1_79' title='bbox 759 1593 1003 1688; x_wconf 66' lang='lat' dir='ltr'>siveMmtlraei,</span> <span class='ocrx_word' id='word_1_80' title='bbox 1014 1593 1042 1658; x_wconf 92' lang='lat' dir='ltr'>si</span> <span class='ocrx_word' id='word_1_81' title='bbox 1058 1593 1159 1658; x_wconf 90' lang='lat' dir='ltr'>modo</span> <span class='ocrx_word' id='word_1_82' title='bbox 1174 1593 1207 1658; x_wconf 90' lang='lat' dir='ltr'>iu</span> <span class='ocrx_word' id='word_1_83' title='bbox 1218 1615 1376 1658; x_wconf 91' lang='lat' dir='ltr'>canonem</span> <span class='ocrx_word' id='word_1_84' title='bbox 1387 1594 1498 1682; x_wconf 88' lang='lat' dir='ltr'>Scrip-.</span> 
     </span>
     <span class='ocr_line' id='line_1_11' title="bbox 446 1677 1496 1766; baseline -0.009 -17"><span class='ocrx_word' id='word_1_85' title='bbox 446 1695 532 1755; x_wconf 78' lang='lat' dir='ltr'>tutte</span> <span class='ocrx_word' id='word_1_86' title='bbox 545 1699 603 1758; x_wconf 69' lang='lat' dir='ltr'>eps</span> <span class='ocrx_word' id='word_1_87' title='bbox 617 1679 807 1766; x_wconf 69' lang='lat' dir='ltr'>receperint,</span> <span class='ocrx_word' id='word_1_88' title='bbox 820 1678 862 1744; x_wconf 91' lang='lat' dir='ltr'>ad</span> <span class='ocrx_word' id='word_1_89' title='bbox 882 1680 1023 1744; x_wconf 84' lang='lat' dir='ltr'>Mariam</span> <span class='ocrx_word' id='word_1_90' title='bbox 1045 1678 1204 1764; x_wconf 90' lang='lat' dir='ltr'>pertinere</span> <span class='ocrx_word' id='word_1_91' title='bbox 1222 1677 1404 1744; x_wconf 81' lang='lat' dir='ltr'>existimare</span> <span class='ocrx_word' id='word_1_92' title='bbox 1419 1701 1496 1766; x_wconf 73' lang='lat' dir='ltr'>pos-</span> 
     </span>
     <span class='ocr_line' id='line_1_12' title="bbox 447 1761 1496 1850; baseline 0.002 -22"><span class='ocrx_word' id='word_1_93' title='bbox 447 1775 534 1842; x_wconf 69' lang='lat' dir='ltr'>eant,</span> <span class='ocrx_word' id='word_1_94' title='bbox 549 1761 607 1828; x_wconf 87' lang='lat' dir='ltr'>sed</span> <span class='ocrx_word' id='word_1_95' title='bbox 621 1775 792 1850; x_wconf 84' lang='lat' dir='ltr'>utramque</span> <span class='ocrx_word' id='word_1_96' title='bbox 807 1764 916 1849; x_wconf 89' lang='lat' dir='ltr'>potius</span> <span class='ocrx_word' id='word_1_97' title='bbox 930 1763 970 1828; x_wconf 86' lang='lat' dir='ltr'>ad</span> <span class='ocrx_word' id='word_1_98' title='bbox 985 1761 1166 1848; x_wconf 86' lang='lat' dir='ltr'>Josephurn</span> <span class='ocrx_word' id='word_1_99' title='bbox 1186 1763 1352 1828; x_wconf 84' lang='lat' dir='ltr'>referrent.</span> <span class='ocrx_word' id='word_1_100' title='bbox 1396 1767 1496 1840; x_wconf 82' lang='lat' dir='ltr'>Atta-</span> 
     </span>
     <span class='ocr_line' id='line_1_13' title="bbox 446 1846 1500 1926; baseline 0.001 -12"><span class='ocrx_word' id='word_1_101' title='bbox 446 1871 527 1914; x_wconf 88' lang='lat' dir='ltr'>men</span> <span class='ocrx_word' id='word_1_102' title='bbox 554 1849 800 1920; x_wconf 83' lang='lat' dir='ltr'>memorandum</span> <span class='ocrx_word' id='word_1_103' title='bbox 835 1860 895 1926; x_wconf 85' lang='lat' dir='ltr'>est,</span> <span class='ocrx_word' id='word_1_104' title='bbox 929 1849 1013 1926; x_wconf 83' lang='lat' dir='ltr'>viros</span> <span class='ocrx_word' id='word_1_105' title='bbox 1045 1846 1258 1926; x_wconf 85' lang='lat' dir='ltr'>orthodoxos,</span> <span class='ocrx_word' id='word_1_106' title='bbox 1291 1849 1500 1916; x_wconf 84' lang='lat' dir='ltr'>Humanistis</span> 
     </span>
     <span class='ocr_line' id='line_1_14' title="bbox 472 1931 1500 2018; baseline 0.002 -20"><span class='ocrx_word' id='word_1_107' title='bbox 472 1955 535 1998; x_wconf 92' lang='lat' dir='ltr'>uos</span> <span class='ocrx_word' id='word_1_108' title='bbox 547 1945 676 2012; x_wconf 79' lang='lat' dir='ltr'>vocant,</span> <span class='ocrx_word' id='word_1_109' title='bbox 691 1933 833 1998; x_wconf 78' lang='lat' dir='ltr'>maxime</span> <span class='ocrx_word' id='word_1_110' title='bbox 852 1931 1004 2010; x_wconf 78' lang='lat' dir='ltr'>infensos,</span> <span class='ocrx_word' id='word_1_111' title='bbox 1018 1931 1060 1996; x_wconf 92' lang='lat' dir='ltr'>de</span> <span class='ocrx_word' id='word_1_112' title='bbox 1079 1932 1196 1996; x_wconf 87' lang='lat' dir='ltr'>Marire</span> <span class='ocrx_word' id='word_1_113' title='bbox 1211 1931 1342 2018; x_wconf 86' lang='lat' dir='ltr'>virginis</span> <span class='ocrx_word' id='word_1_114' title='bbox 1357 1955 1397 1998; x_wconf 85' lang='lat' dir='ltr'>ex</span> <span class='ocrx_word' id='word_1_115' title='bbox 1411 1933 1500 2000; x_wconf 91' lang='lat' dir='ltr'>tribu</span> 
     </span>
     <span class='ocr_line' id='line_1_15' title="bbox 517 2015 1499 2102; baseline 0.003 -20"><span class='ocrx_word' id='word_1_116' title='bbox 517 2017 526 2033; x_wconf 92' lang='grc'><em>“</em></span> <span class='ocrx_word' id='word_1_117' title='bbox 546 2029 624 2082; x_wconf 90' lang='lat' dir='ltr'>ortu</span> <span class='ocrx_word' id='word_1_118' title='bbox 642 2017 729 2082; x_wconf 89' lang='lat' dir='ltr'>idem</span> <span class='ocrx_word' id='word_1_119' title='bbox 751 2017 939 2096; x_wconf 72' lang='lat' dir='ltr'>somniasse.</span> <span class='ocrx_word' id='word_1_120' title='bbox 982 2015 1069 2082; x_wconf 82' lang='lat' dir='ltr'>Vide</span> <span class='ocrx_word' id='word_1_121' title='bbox 1083 2017 1302 2102; x_wconf 84' lang='lat' dir='ltr'>fragmentum</span> <span class='ocrx_word' id='word_1_122' title='bbox 1319 2019 1449 2084; x_wconf 91' lang='lat' dir='ltr'>nornine</span> <span class='ocrx_word' id='word_1_123' title='bbox 1463 2019 1499 2086; x_wconf 87' lang='lat' dir='ltr'>S.</span> 
     </span>
    </p>

    <p class='ocr_par' dir='ltr' id='par_1_3' title="bbox 447 2101 1500 2272">
     <span class='ocr_line' id='line_1_16' title="bbox 447 2101 1500 2188; baseline 0.002 -22"><span class='ocrx_word' id='word_1_124' title='bbox 447 2103 567 2175; x_wconf 78' lang='lat' dir='ltr'>Irenaei</span> <span class='ocrx_word' id='word_1_125' title='bbox 582 2101 772 2188; x_wconf 86' lang='lat' dir='ltr'>inscriptum</span> <span class='ocrx_word' id='word_1_126' title='bbox 788 2101 820 2176; x_wconf 81' lang='lat' dir='ltr'>in</span> <span class='ocrx_word' id='word_1_127' title='bbox 834 2101 955 2166; x_wconf 74' lang='lat' dir='ltr'>Creterra</span> <span class='ocrx_word' id='word_1_128' title='bbox 965 2123 985 2178; x_wconf 76' lang='lat' dir='ltr'>a</span> <span class='ocrx_word' id='word_1_129' title='bbox 995 2101 1186 2188; x_wconf 86' lang='lat' dir='ltr'>Nicephoro</span> <span class='ocrx_word' id='word_1_130' title='bbox 1203 2104 1321 2167; x_wconf 74' lang='lat' dir='ltr'>Graeco</span> <span class='ocrx_word' id='word_1_131' title='bbox 1336 2101 1500 2182; x_wconf 81' lang='lat' dir='ltr'>monseho</span> 
     </span>
     <span class='ocr_line' id='line_1_17' title="bbox 447 2185 1291 2272; baseline -0.005 -18"><span class='ocrx_word' id='word_1_132' title='bbox 447 2187 491 2254; x_wconf 65' lang='lat' dir='ltr'>h*</span> <span class='ocrx_word' id='word_1_133' title='bbox 515 2187 573 2268; x_wconf 81' lang='lat' dir='ltr'>siae</span> <span class='ocrx_word' id='word_1_134' title='bbox 586 2205 673 2252; x_wconf 87' lang='lat' dir='ltr'>anno</span> <span class='ocrx_word' id='word_1_135' title='bbox 690 2199 779 2264; x_wconf 84' lang='lat'>1772.</span> <span class='ocrx_word' id='word_1_136' title='bbox 794 2187 935 2272; x_wconf 89' lang='lat' dir='ltr'>primum</span> <span class='ocrx_word' id='word_1_137' title='bbox 950 2185 1048 2261; x_wconf 85' lang='lat' dir='ltr'>edita,</span> <span class='ocrx_word' id='word_1_138' title='bbox 1064 2185 1106 2250; x_wconf 87' lang='lat' dir='ltr'>sd</span> <span class='ocrx_word' id='word_1_139' title='bbox 1121 2186 1184 2250; x_wconf 88' lang='lat' dir='ltr'>col.</span> <span class='ocrx_word' id='word_1_140' title='bbox 1203 2199 1291 2262; x_wconf 81' lang='lat'><strong>1⁵87.</strong></span> 
     </span>
    </p>

    <p class='ocr_par' dir='ltr' id='par_1_4' title="bbox 446 2209 1504 3209">
     <span class='ocr_line' id='line_1_18' title="bbox 491 2209 1500 2358; baseline 0.003 -22"><span class='ocrx_word' id='word_1_141' title='bbox 491 2209 552 2346; x_wconf 59' lang='lat' dir='ltr'>gin</span> <span class='ocrx_word' id='word_1_142' title='bbox 574 2270 663 2344; x_wconf 79' lang='lat' dir='ltr'>haud</span> <span class='ocrx_word' id='word_1_143' title='bbox 682 2293 728 2338; x_wconf 90' lang='lat' dir='ltr'>eo·</span> <span class='ocrx_word' id='word_1_144' title='bbox 744 2271 828 2336; x_wconf 88' lang='lat' dir='ltr'>valet</span> <span class='ocrx_word' id='word_1_145' title='bbox 849 2271 1002 2336; x_wconf 87' lang='lat' dir='ltr'>haeretica</span> <span class='ocrx_word' id='word_1_146' title='bbox 1019 2269 1156 2338; x_wconf 76' lang='lat' dir='ltr'>fortasae</span> <span class='ocrx_word' id='word_1_147' title='bbox 1172 2271 1278 2358; x_wconf 83' lang='lat' dir='ltr'>origo,</span> <span class='ocrx_word' id='word_1_148' title='bbox 1294 2270 1379 2336; x_wconf 89' lang='lat' dir='ltr'>utin</span> <span class='ocrx_word' id='word_1_149' title='bbox 1394 2271 1500 2358; x_wconf 86' lang='lat' dir='ltr'>suspi-</span> 
     </span>
     <span class='ocr_line' id='line_1_19' title="bbox 449 2353 1501 2440; baseline -0.003 -17"><span class='ocrx_word' id='word_1_150' title='bbox 449 2355 581 2436; x_wconf 81' lang='lat' dir='ltr'>ciopem</span> <span class='ocrx_word' id='word_1_151' title='bbox 595 2355 737 2422; x_wconf 84' lang='lat' dir='ltr'>adducat</span> <span class='ocrx_word' id='word_1_152' title='bbox 749 2356 940 2420; x_wconf 73' lang='lat' dir='ltr'>narrationis</span> <span class='ocrx_word' id='word_1_153' title='bbox 950 2353 1130 2434; x_wconf 82' lang='lat' dir='ltr'>veritatem,</span> <span class='ocrx_word' id='word_1_154' title='bbox 1144 2355 1249 2420; x_wconf 87' lang='lat' dir='ltr'>minus</span> <span class='ocrx_word' id='word_1_155' title='bbox 1264 2357 1416 2440; x_wconf 85' lang='lat' dir='ltr'>profecto</span> <span class='ocrx_word' id='word_1_156' title='bbox 1431 2378 1501 2420; x_wconf 91' lang='lat' dir='ltr'>me·</span> 
     </span>
     <span class='ocr_line' id='line_1_20' title="bbox 448 2439 1501 2528; baseline -0.006 -18"><span class='ocrx_word' id='word_1_157' title='bbox 448 2443 613 2517; x_wconf 83' lang='lat' dir='ltr'>tuendum</span> <span class='ocrx_word' id='word_1_158' title='bbox 627 2455 690 2522; x_wconf 85' lang='lat' dir='ltr'>est,</span> <span class='ocrx_word' id='word_1_159' title='bbox 704 2463 745 2506; x_wconf 88' lang='lat' dir='ltr'>ne</span> <span class='ocrx_word' id='word_1_160' title='bbox 760 2439 943 2528; x_wconf 75' lang='lat' dir='ltr'>etquidem</span> <span class='ocrx_word' id='word_1_161' title='bbox 958 2439 1075 2520; x_wconf 86' lang='lat' dir='ltr'>Mariae</span> <span class='ocrx_word' id='word_1_162' title='bbox 1090 2439 1222 2524; x_wconf 86' lang='lat' dir='ltr'>virginis</span> <span class='ocrx_word' id='word_1_163' title='bbox 1241 2454 1331 2505; x_wconf 83' lang='lat' dir='ltr'>ortus</span> <span class='ocrx_word' id='word_1_164' title='bbox 1351 2461 1390 2504; x_wconf 87' lang='lat' dir='ltr'>ex</span> <span class='ocrx_word' id='word_1_165' title='bbox 1411 2440 1501 2518; x_wconf 85' lang='lat' dir='ltr'>tribu</span> 
     </span>
     <span class='ocr_line' id='line_1_21' title="bbox 447 2523 1502 2614; baseline 0 -22"><span class='ocrx_word' id='word_1_166' title='bbox 447 2527 546 2593; x_wconf 83' lang='lat' dir='ltr'>Judae</span> <span class='ocrx_word' id='word_1_167' title='bbox 560 2541 730 2614; x_wconf 84' lang='lat' dir='ltr'>propterea</span> <span class='ocrx_word' id='word_1_168' title='bbox 744 2527 888 2604; x_wconf 82' lang='lat' dir='ltr'>tollatur,</span> <span class='ocrx_word' id='word_1_169' title='bbox 900 2547 975 2590; x_wconf 86' lang='lat' dir='ltr'>curn</span> <span class='ocrx_word' id='word_1_170' title='bbox 989 2545 1119 2612; x_wconf 86' lang='lat' dir='ltr'>prorsus</span> <span class='ocrx_word' id='word_1_171' title='bbox 1135 2523 1330 2589; x_wconf 87' lang='lat' dir='ltr'>contrarium</span> <span class='ocrx_word' id='word_1_172' title='bbox 1347 2524 1426 2610; x_wconf 91' lang='lat' dir='ltr'>quid</span> <span class='ocrx_word' id='word_1_173' title='bbox 1439 2524 1502 2592; x_wconf 85' lang='lat' dir='ltr'>sibi</span> 
     </span>
     <span class='ocr_line' id='line_1_22' title="bbox 447 2609 1501 2712; baseline -0.001 -35"><span class='ocrx_word' id='word_1_174' title='bbox 447 2609 647 2712; x_wconf 66' lang='lat' dir='ltr'>collegerint</span> <span class='ocrx_word' id='word_1_175' title='bbox 659 2611 683 2678; x_wconf 92' lang='lat' dir='ltr'>ii</span> <span class='ocrx_word' id='word_1_176' title='bbox 696 2611 769 2712; x_wconf 87' lang='lat' dir='ltr'>ipsi,</span> <span class='ocrx_word' id='word_1_177' title='bbox 784 2612 840 2698; x_wconf 93' lang='lat' dir='ltr'>qui</span> <span class='ocrx_word' id='word_1_178' title='bbox 854 2611 962 2677; x_wconf 89' lang='lat' dir='ltr'>eidem</span> <span class='ocrx_word' id='word_1_179' title='bbox 977 2609 1149 2674; x_wconf 79' lang='lat' dir='ltr'>narrationi</span> <span class='ocrx_word' id='word_1_180' title='bbox 1164 2610 1324 2688; x_wconf 85' lang='lat' dir='ltr'>favebant,</span> <span class='ocrx_word' id='word_1_181' title='bbox 1339 2625 1377 2676; x_wconf 90' lang='lat' dir='ltr'>ut</span> <span class='ocrx_word' id='word_1_182' title='bbox 1398 2612 1501 2688; x_wconf 83' lang='lat' dir='ltr'>Euse-</span> 
     </span>
     <span class='ocr_line' id='line_1_23' title="bbox 448 2695 1201 2795; baseline -0.003 -33"><span class='ocrx_word' id='word_1_183' title='bbox 448 2695 537 2778; x_wconf 63' lang='lat' dir='ltr'>ipius,</span> <span class='ocrx_word' id='word_1_184' title='bbox 551 2717 777 2784; x_wconf 75' lang='lat' dir='ltr'>innumerique</span> <span class='ocrx_word' id='word_1_185' title='bbox 791 2697 866 2776; x_wconf 59' lang='lat' dir='ltr'>atii„</span> <span class='ocrx_word' id='word_1_186' title='bbox 1193 2771 1201 2795; x_wconf 35' lang='grc'><strong>0</strong></span> 
     </span>
     <span class='ocr_line' id='line_1_24' title="bbox 446 2779 1501 2865; baseline 0.001 -18"><span class='ocrx_word' id='word_1_187' title='bbox 446 2854 450 2860; x_wconf 62' lang='grc'>,</span> <span class='ocrx_word' id='word_1_188' title='bbox 495 2783 532 2849; x_wconf 62' lang='grc' dir='ltr'>Ρι</span> <span class='ocrx_word' id='word_1_189' title='bbox 551 2797 619 2849; x_wconf 76' lang='lat'>12³.</span> <span class='ocrx_word' id='word_1_190' title='bbox 641 2780 664 2849; x_wconf 88' lang='lat'>1.</span> <span class='ocrx_word' id='word_1_191' title='bbox 682 2797 730 2847; x_wconf 88' lang='lat'>10.</span> <span class='ocrx_word' id='word_1_192' title='bbox 755 2781 936 2865; x_wconf 78' lang='grc' dir='ltr'>Σολομῶνος]</span> <span class='ocrx_word' id='word_1_193' title='bbox 958 2781 1051 2863; x_wconf 43' lang='lat' dir='ltr'>Mira,</span> <span class='ocrx_word' id='word_1_194' title='bbox 1068 2793 1117 2848; x_wconf 88' lang='lat' dir='ltr'>est</span> <span class='ocrx_word' id='word_1_195' title='bbox 1137 2792 1271 2847; x_wconf 79' lang='lat' dir='ltr'>sanetas</span> <span class='ocrx_word' id='word_1_196' title='bbox 1292 2791 1443 2847; x_wconf 86' lang='lat' dir='ltr'>accentus</span> <span class='ocrx_word' id='word_1_197' title='bbox 1467 2779 1501 2847; x_wconf 90' lang='lat' dir='ltr'>in</span> 
     </span>
     <span class='ocr_line' id='line_1_25' title="bbox 451 2866 1503 2955; baseline -0.001 -21"><span class='ocrx_word' id='word_1_198' title='bbox 451 2866 516 2941; x_wconf 84' lang='lat' dir='ltr'>hoc</span> <span class='ocrx_word' id='word_1_199' title='bbox 533 2868 676 2943; x_wconf 81' lang='lat' dir='ltr'>nomine.</span> <span class='ocrx_word' id='word_1_200' title='bbox 720 2870 813 2933; x_wconf 78' lang='lat' dir='ltr'>Mae.</span> <span class='ocrx_word' id='word_1_201' title='bbox 829 2868 961 2955; x_wconf 87' lang='lat' dir='ltr'>quidem</span> <span class='ocrx_word' id='word_1_202' title='bbox 980 2882 1014 2933; x_wconf 92' lang='lat' dir='ltr'>et</span> <span class='ocrx_word' id='word_1_203' title='bbox 1037 2868 1119 2933; x_wconf 88' lang='lat' dir='ltr'>Fuk.</span> <span class='ocrx_word' id='word_1_204' title='bbox 1135 2866 1238 2933; x_wconf 90' lang='lat' dir='ltr'>codex</span> <span class='ocrx_word' id='word_1_205' title='bbox 1256 2881 1426 2932; x_wconf 89' lang='lat' dir='ltr'>accentum</span> <span class='ocrx_word' id='word_1_206' title='bbox 1443 2867 1503 2933; x_wconf 81' lang='lat' dir='ltr'>ha·</span> 
     </span>
     <span class='ocr_line' id='line_1_26' title="bbox 451 2951 1503 3041; baseline -0.002 -21"><span class='ocrx_word' id='word_1_207' title='bbox 451 2952 532 3020; x_wconf 88' lang='lat' dir='ltr'>bent</span> <span class='ocrx_word' id='word_1_208' title='bbox 554 2952 588 3018; x_wconf 91' lang='lat' dir='ltr'>in</span> <span class='ocrx_word' id='word_1_209' title='bbox 609 2952 874 3039; x_wconf 83' lang='lat' dir='ltr'>antepenultima.</span> <span class='ocrx_word' id='word_1_210' title='bbox 918 2952 1126 3041; x_wconf 85' lang='lat' dir='ltr'>Nicephorus</span> <span class='ocrx_word' id='word_1_211' title='bbox 1146 2974 1221 3018; x_wconf 85' lang='lat' dir='ltr'>vero</span> <span class='ocrx_word' id='word_1_212' title='bbox 1243 2963 1276 3017; x_wconf 84' lang='lat' dir='ltr'>et</span> <span class='ocrx_word' id='word_1_213' title='bbox 1295 2951 1379 3033; x_wconf 83' lang='lat' dir='ltr'>Fuk.</span> <span class='ocrx_word' id='word_1_214' title='bbox 1398 2952 1503 3018; x_wconf 84' lang='lat' dir='ltr'>codex</span> 
     </span>
     <span class='ocr_line' id='line_1_27' title="bbox 472 3036 1504 3123; baseline 0 -20"><span class='ocrx_word' id='word_1_215' title='bbox 472 3036 554 3113; x_wconf 62' lang='lat' dir='ltr'>,ulo</span> <span class='ocrx_word' id='word_1_216' title='bbox 580 3052 678 3111; x_wconf 86' lang='lat' dir='ltr'>antea</span> <span class='ocrx_word' id='word_1_217' title='bbox 705 3038 918 3123; x_wconf 85' lang='lat' dir='ltr'>penultimam</span> <span class='ocrx_word' id='word_1_218' title='bbox 945 3037 1215 3104; x_wconf 83' lang='lat' dir='ltr'>circumflectunt.</span> <span class='ocrx_word' id='word_1_219' title='bbox 1265 3038 1303 3101; x_wconf 94' lang='lat' dir='ltr'>In</span> <span class='ocrx_word' id='word_1_220' title='bbox 1332 3038 1436 3123; x_wconf 86' lang='lat' dir='ltr'>Regio</span> <span class='ocrx_word' id='word_1_221' title='bbox 1464 3058 1504 3103; x_wconf 91' lang='lat' dir='ltr'>ac</span> 
     </span>
     <span class='ocr_line' id='line_1_28' title="bbox 450 3056 1504 3209; baseline 0.002 -22"><span class='ocrx_word' id='word_1_222' title='bbox 450 3056 550 3199; x_wconf 58' lang='lat' dir='ltr'>ffied,</span> <span class='ocrx_word' id='word_1_223' title='bbox 565 3122 685 3207; x_wconf 84' lang='lat' dir='ltr'>duplex</span> <span class='ocrx_word' id='word_1_224' title='bbox 699 3134 750 3186; x_wconf 85' lang='lat' dir='ltr'>est</span> <span class='ocrx_word' id='word_1_225' title='bbox 762 3136 927 3203; x_wconf 84' lang='lat' dir='ltr'>accentus,</span> <span class='ocrx_word' id='word_1_226' title='bbox 942 3134 1014 3189; x_wconf 90' lang='lat' dir='ltr'>tum</span> <span class='ocrx_word' id='word_1_227' title='bbox 1030 3123 1062 3189; x_wconf 92' lang='lat' dir='ltr'>in</span> <span class='ocrx_word' id='word_1_228' title='bbox 1077 3122 1341 3209; x_wconf 79' lang='lat' dir='ltr'>penultimarum</span> <span class='ocrx_word' id='word_1_229' title='bbox 1360 3121 1394 3185; x_wconf 92' lang='lat' dir='ltr'>in</span> <span class='ocrx_word' id='word_1_230' title='bbox 1411 3137 1504 3189; x_wconf 66' lang='lat' dir='ltr'>ante÷</span> 
     </span>
    </p>

    <p class='ocr_par' dir='ltr' id='par_1_5' title="bbox 443 3205 1504 3547">
     <span class='ocr_line' id='line_1_29' title="bbox 494 3205 1502 3295; baseline 0 -22"><span class='ocrx_word' id='word_1_231' title='bbox 494 3206 634 3281; x_wconf 82' lang='lat' dir='ltr'>nultima</span> <span class='ocrx_word' id='word_1_232' title='bbox 648 3206 783 3295; x_wconf 78' lang='lat' dir='ltr'>syllaba.</span> <span class='ocrx_word' id='word_1_233' title='bbox 825 3206 930 3294; x_wconf 87' lang='lat' dir='ltr'>quue</span> <span class='ocrx_word' id='word_1_234' title='bbox 943 3207 977 3273; x_wconf 90' lang='lat' dir='ltr'>in</span> <span class='ocrx_word' id='word_1_235' title='bbox 990 3207 1061 3273; x_wconf 90' lang='lat' dir='ltr'>aliis</span> <span class='ocrx_word' id='word_1_236' title='bbox 1075 3208 1174 3273; x_wconf 90' lang='lat' dir='ltr'>etiam</span> <span class='ocrx_word' id='word_1_237' title='bbox 1189 3205 1375 3283; x_wconf 87' lang='lat' dir='ltr'>nominibus</span> <span class='ocrx_word' id='word_1_238' title='bbox 1390 3228 1502 3293; x_wconf 87' lang='lat' dir='ltr'>supra·</span> 
     </span>
     <span class='ocr_line' id='line_1_30' title="bbox 443 3290 1503 3387; baseline -0.004 -30"><span class='ocrx_word' id='word_1_239' title='bbox 443 3369 446 3374; x_wconf 14' lang='lat'>⁵</span> <span class='ocrx_word' id='word_1_240' title='bbox 476 3290 534 3369; x_wconf 80' lang='lat' dir='ltr'>&#39;oti</span> <span class='ocrx_word' id='word_1_241' title='bbox 557 3292 689 3361; x_wconf 89' lang='lat' dir='ltr'>codices</span> <span class='ocrx_word' id='word_1_242' title='bbox 714 3292 894 3371; x_wconf 73' lang='lat' dir='ltr'>observant,</span> <span class='ocrx_word' id='word_1_243' title='bbox 918 3292 1049 3377; x_wconf 90' lang='lat' dir='ltr'>quoties</span> <span class='ocrx_word' id='word_1_244' title='bbox 1074 3290 1266 3377; x_wconf 86' lang='lat' dir='ltr'>ambiguum</span> <span class='ocrx_word' id='word_1_245' title='bbox 1289 3302 1339 3353; x_wconf 90' lang='lat' dir='ltr'>est</span> <span class='ocrx_word' id='word_1_246' title='bbox 1361 3311 1503 3387; x_wconf 83' lang='lat' dir='ltr'>quonam</span> 
     </span>
     <span class='ocr_line' id='line_1_31' title="bbox 447 3373 1503 3461; baseline -0.006 -14"><span class='ocrx_word' id='word_1_247' title='bbox 447 3390 591 3455; x_wconf 75' lang='lat' dir='ltr'>¹trecenta</span> <span class='ocrx_word' id='word_1_248' title='bbox 602 3376 747 3443; x_wconf 87' lang='lat' dir='ltr'>notanda</span> <span class='ocrx_word' id='word_1_249' title='bbox 762 3376 826 3441; x_wconf 91' lang='lat' dir='ltr'>sint</span> <span class='ocrx_word' id='word_1_250' title='bbox 840 3376 1019 3455; x_wconf 72' lang='lat' dir='ltr'>vocabular</span> <span class='ocrx_word' id='word_1_251' title='bbox 1042 3390 1079 3441; x_wconf 94' lang='lat' dir='ltr'>ut</span> <span class='ocrx_word' id='word_1_252' title='bbox 1093 3375 1266 3441; x_wconf 85' lang='lat' dir='ltr'>denotetur</span> <span class='ocrx_word' id='word_1_253' title='bbox 1287 3373 1319 3437; x_wconf 91' lang='lat' dir='ltr'>in</span> <span class='ocrx_word' id='word_1_254' title='bbox 1342 3374 1412 3437; x_wconf 82' lang='lat' dir='ltr'>altis</span> <span class='ocrx_word' id='word_1_255' title='bbox 1432 3378 1503 3461; x_wconf 92' lang='lat' dir='ltr'>qui-</span> 
     </span>
     <span class='ocr_line' id='line_1_32' title="bbox 450 3458 1504 3547; baseline -0.003 -20"><span class='ocrx_word' id='word_1_256' title='bbox 450 3460 529 3527; x_wconf 90' lang='lat' dir='ltr'>dem</span> <span class='ocrx_word' id='word_1_257' title='bbox 551 3461 788 3547; x_wconf 83' lang='lat' dir='ltr'>exemplaribus</span> <span class='ocrx_word' id='word_1_258' title='bbox 812 3462 899 3527; x_wconf 89' lang='lat' dir='ltr'>hunc</span> <span class='ocrx_word' id='word_1_259' title='bbox 922 3476 1103 3539; x_wconf 86' lang='lat' dir='ltr'>accentum,</span> <span class='ocrx_word' id='word_1_260' title='bbox 1120 3460 1151 3541; x_wconf 91' lang='lat' dir='ltr'>in</span> <span class='ocrx_word' id='word_1_261' title='bbox 1173 3459 1244 3523; x_wconf 90' lang='lat' dir='ltr'>aliis</span> <span class='ocrx_word' id='word_1_262' title='bbox 1259 3480 1333 3522; x_wconf 86' lang='lat' dir='ltr'>vero</span> <span class='ocrx_word' id='word_1_263' title='bbox 1348 3458 1439 3523; x_wconf 89' lang='lat' dir='ltr'>illurn</span> <span class='ocrx_word' id='word_1_264' title='bbox 1456 3482 1504 3524; x_wconf 89' lang='lat' dir='ltr'>re·</span> 
     </span>
    </p>

    <p class='ocr_par' dir='ltr' id='par_1_6' title="bbox 448 3543 1503 4303">
     <span class='ocr_line' id='line_1_33' title="bbox 495 3543 1502 3632; baseline -0.002 -21"><span class='ocrx_word' id='word_1_265' title='bbox 495 3546 563 3612; x_wconf 88' lang='lat' dir='ltr'>riri.</span> <span class='ocrx_word' id='word_1_266' title='bbox 640 3546 793 3621; x_wconf 80' lang='lat' dir='ltr'>uinetiarn</span> <span class='ocrx_word' id='word_1_267' title='bbox 810 3546 911 3621; x_wconf 86' lang='lat' dir='ltr'>nostri</span> <span class='ocrx_word' id='word_1_268' title='bbox 925 3546 1054 3623; x_wconf 84' lang='lat' dir='ltr'>codices</span> <span class='ocrx_word' id='word_1_269' title='bbox 1070 3543 1168 3632; x_wconf 84' lang='lat' dir='ltr'>paulo</span> <span class='ocrx_word' id='word_1_270' title='bbox 1183 3557 1258 3609; x_wconf 80' lang='lat' dir='ltr'>ente</span> <span class='ocrx_word' id='word_1_271' title='bbox 1272 3543 1427 3629; x_wconf 89' lang='lat' dir='ltr'>scriptum</span> <span class='ocrx_word' id='word_1_272' title='bbox 1445 3546 1502 3609; x_wconf 87' lang='lat' dir='ltr'>hu·</span> 
     </span>
     <span class='ocr_line' id='line_1_34' title="bbox 451 3566 1502 3715; baseline -0.003 -18"><span class='ocrx_word' id='word_1_273' title='bbox 451 3566 534 3709; x_wconf 46' lang='grc' dir='ltr'>ἔπη</span> <span class='ocrx_word' id='word_1_274' title='bbox 548 3632 604 3696; x_wconf 69' lang='grc' dir='ltr'>ἀπὸ</span> <span class='ocrx_word' id='word_1_275' title='bbox 617 3638 667 3695; x_wconf 75' lang='grc' dir='ltr'>τοῦ</span> <span class='ocrx_word' id='word_1_276' title='bbox 680 3630 774 3697; x_wconf 63' lang='lat' dir='ltr'>cadit</span> <span class='ocrx_word' id='word_1_277' title='bbox 789 3634 834 3695; x_wconf 76' lang='lat' dir='ltr'>lui</span> <span class='ocrx_word' id='word_1_278' title='bbox 846 3631 1031 3713; x_wconf 77' lang='grc' dir='ltr'>Σολομῶντος</span> <span class='ocrx_word' id='word_1_279' title='bbox 1044 3636 1096 3707; x_wconf 77' lang='grc' dir='ltr'>τὰς</span> <span class='ocrx_word' id='word_1_280' title='bbox 1109 3634 1206 3715; x_wconf 60' lang='lat' dir='ltr'>pertale</span> <span class='ocrx_word' id='word_1_281' title='bbox 1225 3630 1502 3713; x_wconf 73' lang='grc' dir='ltr'>καταριθμουμᾶιιις.</span> 
     </span>
     <span class='ocr_line' id='line_1_35' title="bbox 455 3714 1503 3803; baseline -0.003 -20"><span class='ocrx_word' id='word_1_282' title='bbox 455 3720 502 3803; x_wconf 80' lang='lat' dir='ltr'>(p.</span> <span class='ocrx_word' id='word_1_283' title='bbox 519 3730 588 3783; x_wconf 75' lang='lat'>110.</span> <span class='ocrx_word' id='word_1_284' title='bbox 609 3716 633 3793; x_wconf 86' lang='grc' dir='ltr'>1.Ι</span> <span class='ocrx_word' id='word_1_285' title='bbox 654 3720 715 3798; x_wconf 65' lang='lat' dir='ltr'>tat.)</span> <span class='ocrx_word' id='word_1_286' title='bbox 761 3716 815 3793; x_wconf 82' lang='lat' dir='ltr'>Sic</span> <span class='ocrx_word' id='word_1_287' title='bbox 836 3718 923 3781; x_wconf 89' lang='lat' dir='ltr'>eninr</span> <span class='ocrx_word' id='word_1_288' title='bbox 946 3738 1060 3781; x_wconf 84' lang='lat' dir='ltr'>omnes</span> <span class='ocrx_word' id='word_1_289' title='bbox 1083 3716 1184 3780; x_wconf 89' lang='lat' dir='ltr'>nostri</span> <span class='ocrx_word' id='word_1_290' title='bbox 1205 3714 1345 3793; x_wconf 88' lang='lat' dir='ltr'>codices,</span> <span class='ocrx_word' id='word_1_291' title='bbox 1367 3728 1503 3801; x_wconf 85' lang='lat' dir='ltr'>excepto</span> 
     </span>
     <span class='ocr_line' id='line_1_36' title="bbox 453 3800 1502 3889; baseline -0.003 -23"><span class='ocrx_word' id='word_1_292' title='bbox 453 3802 562 3889; x_wconf 79' lang='lat' dir='ltr'>Regio</span> <span class='ocrx_word' id='word_1_293' title='bbox 601 3802 634 3865; x_wconf 91' lang='lat' dir='ltr'>ui</span> <span class='ocrx_word' id='word_1_294' title='bbox 655 3802 819 3883; x_wconf 74' lang='grc' dir='ltr'>Σολόμωνος</span> <span class='ocrx_word' id='word_1_295' title='bbox 835 3802 900 3865; x_wconf 91' lang='lat' dir='ltr'>illic</span> <span class='ocrx_word' id='word_1_296' title='bbox 920 3802 1028 3866; x_wconf 87' lang='lat' dir='ltr'>habet.</span> <span class='ocrx_word' id='word_1_297' title='bbox 1052 3803 1083 3865; x_wconf 91' lang='lat' dir='ltr'>V</span> <span class='ocrx_word' id='word_1_298' title='bbox 1086 3820 1263 3865; x_wconf 74' lang='lat' dir='ltr'>nuestus.</span> <span class='ocrx_word' id='word_1_299' title='bbox 1308 3801 1358 3863; x_wconf 88' lang='lat' dir='ltr'>Eo</span> <span class='ocrx_word' id='word_1_300' title='bbox 1371 3800 1502 3885; x_wconf 89' lang='lat' dir='ltr'>quidem</span> 
     </span>
     <span class='ocr_line' id='line_1_37' title="bbox 448 3822 1503 3985; baseline 0 -34"><span class='ocrx_word' id='word_1_301' title='bbox 448 3886 529 3964; x_wconf 82' lang='lat' dir='ltr'>loco</span> <span class='ocrx_word' id='word_1_302' title='bbox 551 3822 672 3951; x_wconf 76' lang='lat' dir='ltr'>lrdlrent</span> <span class='ocrx_word' id='word_1_303' title='bbox 688 3886 763 3951; x_wconf 87' lang='lat' dir='ltr'>Cod.</span> <span class='ocrx_word' id='word_1_304' title='bbox 781 3908 911 3985; x_wconf 83' lang='lat' dir='ltr'>quoque</span> <span class='ocrx_word' id='word_1_305' title='bbox 926 3885 1026 3951; x_wconf 70' lang='lat' dir='ltr'>Santi.</span> <span class='ocrx_word' id='word_1_306' title='bbox 1041 3908 1100 3951; x_wconf 81' lang='lat' dir='ltr'>seu</span> <span class='ocrx_word' id='word_1_307' title='bbox 1113 3884 1209 3949; x_wconf 71' lang='lat' dir='ltr'>Brut.</span> <span class='ocrx_word' id='word_1_308' title='bbox 1228 3898 1262 3949; x_wconf 93' lang='lat' dir='ltr'>et</span> <span class='ocrx_word' id='word_1_309' title='bbox 1281 3884 1425 3965; x_wconf 74' lang='lat' dir='ltr'>Mercurii</span> <span class='ocrx_word' id='word_1_310' title='bbox 1441 3886 1503 3951; x_wconf 84' lang='lat' dir='ltr'>Ca-</span> 
     </span>
     <span class='ocr_line' id='line_1_38' title="bbox 452 3969 1503 4053; baseline 0 -18"><span class='ocrx_word' id='word_1_311' title='bbox 452 3982 529 4035; x_wconf 82' lang='lat' dir='ltr'>tena</span> <span class='ocrx_word' id='word_1_312' title='bbox 537 3972 713 4053; x_wconf 72' lang='grc' dir='ltr'>Σολομῶνος,</span> <span class='ocrx_word' id='word_1_313' title='bbox 725 3970 783 4036; x_wconf 85' lang='lat' dir='ltr'>sed</span> <span class='ocrx_word' id='word_1_314' title='bbox 797 3971 873 4035; x_wconf 88' lang='lat' dir='ltr'>alibr</span> <span class='ocrx_word' id='word_1_315' title='bbox 887 3972 918 4037; x_wconf 91' lang='lat' dir='ltr'>in</span> <span class='ocrx_word' id='word_1_316' title='bbox 935 3970 1048 4035; x_wconf 86' lang='lat' dir='ltr'>iisdem</span> <span class='ocrx_word' id='word_1_317' title='bbox 1063 3970 1124 4033; x_wconf 89' lang='lat' dir='ltr'>scri</span> <span class='ocrx_word' id='word_1_318' title='bbox 1149 3982 1222 4033; x_wconf 91' lang='lat' dir='ltr'>tura</span> <span class='ocrx_word' id='word_1_319' title='bbox 1232 3969 1380 4034; x_wconf 87' lang='lat' dir='ltr'>variatur.</span> <span class='ocrx_word' id='word_1_320' title='bbox 1404 3971 1503 4035; x_wconf 92' lang='lat' dir='ltr'>Porro</span> 
     </span>
     <span class='ocr_line' id='line_1_39' title="bbox 451 4052 1503 4143; baseline -0.001 -21"><span class='ocrx_word' id='word_1_321' title='bbox 451 4054 577 4133; x_wconf 84' lang='lat' dir='ltr'>ibidem</span> <span class='ocrx_word' id='word_1_322' title='bbox 600 4068 747 4119; x_wconf 85' lang='lat' dir='ltr'>neutram</span> <span class='ocrx_word' id='word_1_323' title='bbox 770 4054 903 4121; x_wconf 84' lang='lat' dir='ltr'>exhibet</span> <span class='ocrx_word' id='word_1_324' title='bbox 923 4054 1096 4131; x_wconf 86' lang='lat' dir='ltr'>lectionem</span> <span class='ocrx_word' id='word_1_325' title='bbox 1164 4054 1196 4119; x_wconf 86' lang='lat' dir='ltr'>d.</span> <span class='ocrx_word' id='word_1_326' title='bbox 1219 4052 1359 4139; x_wconf 81' lang='lat' dir='ltr'>Norfole.</span> <span class='ocrx_word' id='word_1_327' title='bbox 1381 4054 1415 4119; x_wconf 93' lang='lat' dir='ltr'>in</span> <span class='ocrx_word' id='word_1_328' title='bbox 1437 4078 1503 4143; x_wconf 92' lang='lat' dir='ltr'>quo</span> 
     </span>
     <span class='ocr_line' id='line_1_40' title="bbox 452 4138 1503 4289; baseline 0 -82"><span class='ocrx_word' id='word_1_329' title='bbox 452 4140 596 4289; x_wconf 54' lang='lat' dir='ltr'>quidepp</span> <span class='ocrx_word' id='word_1_330' title='bbox 610 4140 798 4287; x_wconf 61' lang='grc' dir='ltr'><strong>Σαῖμῶπις</strong></span> <span class='ocrx_word' id='word_1_331' title='bbox 819 4160 896 4205; x_wconf 90' lang='lat' dir='ltr'>cum</span> <span class='ocrx_word' id='word_1_332' title='bbox 917 4166 936 4205; x_wconf 89' lang='lat' dir='ltr'>r</span> <span class='ocrx_word' id='word_1_333' title='bbox 957 4138 1100 4229; x_wconf 86' lang='lat' dir='ltr'>positum¹</span> <span class='ocrx_word' id='word_1_334' title='bbox 1123 4154 1184 4219; x_wconf 85' lang='lat' dir='ltr'>est.</span> <span class='ocrx_word' id='word_1_335' title='bbox 1227 4138 1312 4205; x_wconf 84' lang='lat' dir='ltr'>Mox</span> <span class='ocrx_word' id='word_1_336' title='bbox 1336 4142 1421 4205; x_wconf 79' lang='grc' dir='ltr'>αὐτοῦ</span> <span class='ocrx_word' id='word_1_337' title='bbox 1443 4162 1503 4231; x_wconf 87' lang='lat' dir='ltr'>pro</span> 
     </span>
     <span class='ocr_line' id='line_1_41' title="bbox 452 4230 689 4303; baseline -0.008 0"><span class='ocrx_word' id='word_1_338' title='bbox 452 4230 540 4303; x_wconf 64' lang='lat' dir='ltr'>titis</span> <span class='ocrx_word' id='word_1_339' title='bbox 590 4246 601 4287; x_wconf 80' lang='lat'><em>1</em></span> <span class='ocrx_word' id='word_1_340' title='bbox 679 4270 689 4288; x_wconf 93' lang='lat'><strong>·</strong></span> 
     </span>
    </p>

    <p class='ocr_par' dir='ltr' id='par_1_7' title="bbox 444 4240 1504 4738">
     <span class='ocr_line' id='line_1_42' title="bbox 500 4240 1504 4396; baseline 0.002 -23"><span class='ocrx_word' id='word_1_341' title='bbox 500 4310 587 4375; x_wconf 86' lang='lat' dir='ltr'>lbid.</span> <span class='ocrx_word' id='word_1_342' title='bbox 602 4240 695 4375; x_wconf 56' lang='grc' dir='ltr'><strong>ἴφια.</strong></span> <span class='ocrx_word' id='word_1_343' title='bbox 716 4308 825 4392; x_wconf 75' lang='grc' dir='ltr'>δμομῆτ</span> <span class='ocrx_word' id='word_1_344' title='bbox 842 4334 876 4373; x_wconf 87' lang='grc' dir='ltr'>ιιι</span> <span class='ocrx_word' id='word_1_345' title='bbox 897 4307 954 4396; x_wconf 65' lang='grc' dir='ltr'>ἄρα</span> <span class='ocrx_word' id='word_1_346' title='bbox 974 4309 1085 4392; x_wconf 73' lang='grc' dir='ltr'>ἀδελφοὶ</span> <span class='ocrx_word' id='word_1_347' title='bbox 1108 4308 1183 4395; x_wconf 62' lang='grc' dir='ltr'>δια]</span> <span class='ocrx_word' id='word_1_348' title='bbox 1208 4310 1247 4375; x_wconf 87' lang='lat' dir='ltr'>ln</span> <span class='ocrx_word' id='word_1_349' title='bbox 1269 4308 1332 4375; x_wconf 78' lang='lat' dir='ltr'>hac</span> <span class='ocrx_word' id='word_1_350' title='bbox 1353 4310 1504 4375; x_wconf 84' lang='lat' dir='ltr'>conciliat-</span> 
     </span>
     <span class='ocr_line' id='line_1_43' title="bbox 444 4336 1502 4482; baseline 0.004 -21"><span class='ocrx_word' id='word_1_351' title='bbox 444 4394 544 4461; x_wconf 84' lang='lat' dir='ltr'>·tione</span> <span class='ocrx_word' id='word_1_352' title='bbox 558 4416 657 4481; x_wconf 84' lang='lat' dir='ltr'>quam</span> <span class='ocrx_word' id='word_1_353' title='bbox 673 4394 771 4459; x_wconf 83' lang='lat' dir='ltr'>refert</span> <span class='ocrx_word' id='word_1_354' title='bbox 785 4336 969 4471; x_wconf 64' lang='lat' dir='ltr'>Adiounos,</span> <span class='ocrx_word' id='word_1_355' title='bbox 983 4393 1050 4459; x_wconf 91' lang='lat' dir='ltr'>duo</span> <span class='ocrx_word' id='word_1_356' title='bbox 1066 4410 1142 4473; x_wconf 84' lang='lat' dir='ltr'>sunt</span> <span class='ocrx_word' id='word_1_357' title='bbox 1157 4418 1231 4482; x_wconf 81' lang='lat' dir='ltr'>quae</span> <span class='ocrx_word' id='word_1_358' title='bbox 1251 4396 1398 4461; x_wconf 90' lang='lat' dir='ltr'>nonnihil</span> <span class='ocrx_word' id='word_1_359' title='bbox 1418 4396 1502 4465; x_wconf 67' lang='lat' dir='ltr'>diffi÷</span> 
     </span>
     <span class='ocr_line' id='line_1_44' title="bbox 452 4478 1502 4557; baseline 0 -14"><span class='ocrx_word' id='word_1_360' title='bbox 452 4480 720 4553; x_wconf 82' lang='lat' dir='ltr'>oulmtislrabere</span> <span class='ocrx_word' id='word_1_361' title='bbox 734 4478 889 4544; x_wconf 89' lang='lat' dir='ltr'>videntur.</span> <span class='ocrx_word' id='word_1_362' title='bbox 920 4480 1062 4545; x_wconf 90' lang='lat' dir='ltr'>Primum</span> <span class='ocrx_word' id='word_1_363' title='bbox 1076 4480 1163 4543; x_wconf 89' lang='lat' dir='ltr'>enirn</span> <span class='ocrx_word' id='word_1_364' title='bbox 1178 4479 1307 4557; x_wconf 92' lang='lat' dir='ltr'>dubito,</span> <span class='ocrx_word' id='word_1_365' title='bbox 1322 4500 1362 4543; x_wconf 85' lang='lat' dir='ltr'>an</span> <span class='ocrx_word' id='word_1_366' title='bbox 1378 4481 1502 4545; x_wconf 84' lang='lat' dir='ltr'>licuerit</span> 
     </span>
     <span class='ocr_line' id='line_1_45' title="bbox 452 4562 1503 4641; baseline -0.001 -11"><span class='ocrx_word' id='word_1_367' title='bbox 452 4564 583 4631; x_wconf 89' lang='lat' dir='ltr'>uterino</span> <span class='ocrx_word' id='word_1_368' title='bbox 598 4565 687 4629; x_wconf 76' lang='lat' dir='ltr'>fratri</span> <span class='ocrx_word' id='word_1_369' title='bbox 701 4562 828 4629; x_wconf 84' lang='lat' dir='ltr'>viduam</span> <span class='ocrx_word' id='word_1_370' title='bbox 844 4566 949 4631; x_wconf 84' lang='lat' dir='ltr'>fratris</span> <span class='ocrx_word' id='word_1_371' title='bbox 966 4564 1015 4629; x_wconf 90' lang='lat' dir='ltr'>sui</span> <span class='ocrx_word' id='word_1_372' title='bbox 1029 4586 1161 4628; x_wconf 86' lang='lat' dir='ltr'>uxorem</span> <span class='ocrx_word' id='word_1_373' title='bbox 1177 4564 1305 4641; x_wconf 89' lang='lat' dir='ltr'>ducere,</span> <span class='ocrx_word' id='word_1_374' title='bbox 1317 4579 1399 4627; x_wconf 84' lang='lat' dir='ltr'>etex</span> <span class='ocrx_word' id='word_1_375' title='bbox 1412 4587 1450 4629; x_wconf 91' lang='lat' dir='ltr'>ea</span> <span class='ocrx_word' id='word_1_376' title='bbox 1463 4564 1503 4637; x_wconf 83' lang='lat' dir='ltr'>li,-</span> 
     </span>
     <span class='ocr_line' id='line_1_46' title="bbox 453 4648 1501 4738; baseline 0 -23"><span class='ocrx_word' id='word_1_377' title='bbox 453 4649 551 4729; x_wconf 67' lang='lat' dir='ltr'>heros</span> <span class='ocrx_word' id='word_1_378' title='bbox 564 4670 733 4738; x_wconf 80' lang='lat' dir='ltr'>procreare</span> <span class='ocrx_word' id='word_1_379' title='bbox 754 4650 788 4729; x_wconf 83' lang='lat' dir='ltr'>in</span> <span class='ocrx_word' id='word_1_380' title='bbox 810 4672 928 4715; x_wconf 89' lang='lat' dir='ltr'>nornen</span> <span class='ocrx_word' id='word_1_381' title='bbox 942 4671 979 4715; x_wconf 82' lang='lat' dir='ltr'>ac</span> <span class='ocrx_word' id='word_1_382' title='bbox 995 4648 1272 4728; x_wconf 72' lang='lat' dir='ltr'>furnilianrlratris</span> <span class='ocrx_word' id='word_1_383' title='bbox 1287 4649 1336 4712; x_wconf 90' lang='lat' dir='ltr'>sui</span> <span class='ocrx_word' id='word_1_384' title='bbox 1350 4650 1501 4715; x_wconf 87' lang='lat' dir='ltr'>transitu-</span> 
     </span>
    </p>
   </div>
   <div class='ocr_carea' id='block_1_3' title="bbox 0 0 2063 5675">
    <p class='ocr_par' dir='ltr' id='par_1_8' title="bbox 0 0 2063 5675">
     <span class='ocr_line' id='line_1_47' title="bbox 0 0 2063 5675; baseline 0 0"><span class='ocrx_word' id='word_1_385' title='bbox 0 0 2063 5675; x_wconf 95' lang='lat' dir='ltr'> </span> 
     </span>
    </p>
   </div>
  </div>
 </body>
</html>
