4092 5675
508 785 552 856 ου
841 763 1198 836 auuoranouns

507 937 592 1003 mins
614 938 655 1003 de
677 959 796 1039 magno
818 960 951 1004 numero
972 952 1068 1004 sectae
1089 938 1240 1005 Montani
1263 947 1454 1026 martyrum,
1475 935 1538 1003 e'tsi

507 1046 583 1087 cum
607 1023 669 1088 illis
689 1025 823 1111 hujusce
845 1025 1006 1111 scriptoris
1027 1027 1061 1089 in
1081 1026 1152 1111 ρἦα
1169 1027 1231 1088 Ill.
1247 1025 1351 1088 minus
1366 1022 1537 1088 convenire

507 1109 659 1189 videatur,
673 1110 848 1174 firmabitur
871 1125 978 1175 tamen
1002 1110 1146 1199 ejusdem
1165 1110 1266 1175 verbis
1281 1111 1313 1175 in
1327 1110 1400 1197 ῥήσει
1414 1110 1456 1175 V.
1493 1112 1537 1175 Et·

506 1194 651 1258 conferas
688 1219 738 1260 uae
752 1195 833 1259 infra
846 1197 952 1261 notavi
965 1196 1005 1260 ad
1043 1218 1096 1282 ag.
1108 1214 1158 1275 99.
1176 1197 1230 1259 lin.
1242 1210 1292 1259 20.

551 1281 583 1342 Ρ.
599 1287 648 1354 76.
666 1217 693 1344 i.
707 1296 737 1345 2.
756 1280 931 1368 χαρίσματι]
960 1218 1097 1346 Adtlunt
1121 1279 1329 1369 πεπληρωμένῳ
1358 1278 1536 1365 Christoplt.

504 1367 608 1430 Lectt.
623 1377 656 1429 et
670 1367 786 1452 interp.
801 1389 876 1432 cum
893 1366 1012 1453 Rrfino.
1035 1381 1072 1431 ut
1092 1367 1226 1446 videtur,
1244 1378 1340 1430 recte.
1363 1366 1535 1432 Sanora.

504 1452 588 1516 Mox
603 1450 776 1538 καυχώμενοι
791 1473 850 1538 pro
861 1453 1040 1539 χαυνούμενον
1055 1453 1130 1516 MS.
1147 1450 1286 1538 Notfolc.

548 1537 632 1601 Ibid.
647 1537 669 1600 l.
681 1550 711 1601 4.
734 1538 894 1625 βλαψῖφςον
908 1539 929 1624 ’i
944 1540 1142 1625 ὑποκοςνςνκόν]
1158 1539 1323 1620 βλασφήμον
1344 1534 1435 1622 φρένον
1454 1538 1536 1618 (lec-

504 1621 600 1686 tionis
630 1622 766 1709 duplicis
799 1622 876 1686 vesti
902 1623 980 1705 ium)
1012 1625 1060 1685 καὶ
1087 1625 1257 1709 ὑποκριτικὸν
1286 1621 1362 1687 MS.
1393 1622 1535 1709 illorfhlc,

503 1708 691 1796 βλαψίφρονον
705 1709 782 1773 MS.
798 1645 900 1772 Sauli
910 1729 967 1772 seu
981 1708 1072 1772 Bodl.
1087 1709 1250 1773 mendose.

546 1793 630 1856 lbid.
646 1794 668 1857 l.
679 1800 708 1857 6.
732 1798 767 1868 εἰς
780 1796 812 1856 τὸ
824 1793 922 1875 μηκέτι
934 1794 1080 1875 assuitibus
1091 1795 1211 1877 σιωπᾶν]
1226 1797 1343 1859 Nonne
1357 1791 1534 1880 legendum

503 1878 654 1954 κελεύεθυν
667 1900 725 1963 pro
736 1879 881 1959 καλύεθου
894 1879 988 1943 etiam
1001 1880 1149 1944 omnibus
1164 1860 1252 1944 libris
1266 1879 1533 1944 reclamantibus?

503 1965 605 2029 Vetus
619 1964 709 2028 ulcus
724 1964 822 2029 fuisse
836 1964 976 2029 ostendit
989 1965 1095 2030 Rufini
1109 1965 1337 2051 interpretatio·

547 2048 630 2113 Ibid.
657 2049 678 2112 l.
701 2063 730 2113 8.
764 2055 840 2114 natal
865 2059 917 2113 τῶν
941 2050 1104 2136 ωαρηκὸοον]
1129 2052 1259 2115 Rufinus
1285 2050 1534 2201 indisc'plinalos

501 2134 606 2211 vertit,
633 2135 804 2200 Musculus
827 2136 1044 2224 immorigeros,
1068 2159 1132 2200 non
1156 2136 1250 2200 male.
1303 2138 1386 2201 lntel
1402 2137 1535 2223 'guntur

501 2220 586 2284 enim
602 2221 624 2285 ii
638 2221 692 2308 qui
708 2236 906 2308 praeceptum
920 2220 1067 2301 Domini,
1104 2244 1147 2285 uo
1163 2222 1341 2307 praemoniti
1355 2223 1484 2286 fuerant
1497 2235 1534 2286 ut

502 2328 522 2369 a
545 2306 632 2370 falsis
656 2308 820 2393 prophetis
844 2322 1000 2387 caverent,
1024 2245 1251 2393 negligebant3
1276 2313 1324 2384 τῆς
1346 2310 1474 2385 δναςολῆς
1495 2311 1534 2370 τῦ

501 2390 604 2477 Κυρίου
630 2393 878 2476 ἐπιλανθανόμενοι,
904 2408 941 2458 ut
963 2415 1058 2478 supra
1079 2394 1221 2480 loquitur
1241 2392 1295 2456 hic
1316 2393 1534 2458 innominatus

502 2478 647 2562 scriptor.
693 2479 830 2543 Pessime
847 2479 1169 2564 christophorsonus.
1192 2481 1398 2544 Vanssws.
1442 2479 1534 2544 Rufi·

502 2585 561 2627 nus
576 2562 656 2627 illud
672 2563 821 2639 ὁδνάὸολος
835 2564 875 2628 de
890 2568 1050 2630 Montano
1066 2565 1150 2629 male
1165 2586 1203 2627 ex
1226 2564 1321 2629 osuit.

545 2647 628 2711 Ibid.
642 2648 663 2711 l.
678 2663 725 2712 10.
746 2653 793 2727 τὴν
813 2649 1071 2732 ἀποκεκονμημένην]
1086 2586 1280 2735 Metapiiora
1294 2662 1343 2714 est
1357 2672 1375 2713 a
1389 2649 1533 2716 mulierl-

500 2733 573 2811 bus,
588 2756 660 2819 quae
681 2733 791 2798 relicto
810 2734 915 2799 mariti
938 2735 1033 2798 thoro
1056 2734 1167 2798 furtim
1189 2734 1230 2798 ad
1251 2734 1416 2799 moechum
1430 2748 1534 2801 trans·

500 2831 589 2884 eunt.
632 2819 719 2884 Nam
735 2824 885 2902 κονμᾶθαν,
901 2842 958 2884 seu
972 2819 1122 2898 dormire,
1137 2819 1177 2883 de
1198 2819 1384 2908 hujusmodi
1404 2821 1532 2888 adulte·

500 2906 555 2970 riis
568 2903 632 2969 dici
647 2906 740 2984 solet,
756 2905 837 2969 utin
852 2906 940 2969 libris
956 2905 1052 2969 sacris
1065 2907 1203 2970 occurrit
1218 2928 1281 2970 non
1297 2908 1405 2970 semel.
1431 2908 1533 2995 Quod

501 3012 575 3055 cum
591 3012 655 3053 non
670 2991 862 3076 intelligeret
878 2990 1199 3077 Christophorsonus‚
1213 2991 1324 3056 erroris
1338 3014 1442 3056 somno
1460 3012 1532 3059 con·¹

501 3075 633 3161 sopitum
647 3076 749 3141 vertit.
771 3079 977 3142 Vannsws.

544 3161 628 3226 Ibid.
643 3162 665 3226 l.
682 3176 729 3224 11.
751 3163 814 3225 κατ’
829 3162 973 3246 ἀλήθειαν]
992 3163 1043 3227 lta
1055 3185 1112 3248 per
1126 3184 1291 3249 apocopen
1307 3163 1382 3229 MS.
1397 3164 1492 3228 Bodl.

543 3247 627 3311 lbid.
651 3248 698 3310 καὶ
719 3247 823 3333 ἑτέρας]
843 3249 1003 3313 Strotblus
1022 3249 1078 3326 ait,
1092 3251 1139 3311 nal
1159 3249 1268 3335 ἑταίροις
1289 3248 1533 3334 Christophorso-

500 3356 575 3398 aum
596 3332 745 3398 exhibere
766 3357 831 3398 non
852 3335 945 3399 male.
990 3333 1054 3399 Cui
1075 3334 1150 3402 dum
1176 3330 1240 3398 nori
1261 3335 1425 3414 assentior,
1449 3350 1531 3420 puto

500 3420 596 3484 simili
610 3441 704 3484 usum
718 3441 787 3483 esse
800 3434 964 3485 auctorem
979 3420 1128 3506 loquendi
1144 3419 1293 3499 formula,
1305 3433 1402 3507 atque
1417 3422 1450 3484 S.
1464 3423 1531 3485 Lu-

499 3506 623 3570 camin
641 3505 838 3591 Evangelio,·
859 3504 986 3590 Ἥγοντο
1011 3507 1039 3568 δὲ
1062 3506 1109 3567 καὶ
1135 3505 1217 3590 ἕτερον
1241 3506 1285 3568 δύο
1307 3514 1458 3594 κακοῦργον
1479 3509 1530 3570 σὺν

501 3595 575 3654 αὐτῶ
590 3596 652 3653 ἁναι
671 3595 770 3668 abiam.
793 3591 870 3654 Luc·
882 3590 967 3653 xxiii.
979 3604 1028 3653 32.

544 3654 628 3738 Ibid.
650 3616 672 3737 i.
697 3688 742 3738 14.
767 3675 814 3737 aul
838 3675 899 3747 τοὺς
921 3676 971 3755 μὲν
992 3673 1145 3762 χαίροντας
1171 3676 1245 3761 &c.]
1274 3679 1355 3740 Haec
1379 3677 1530 3763 periodus

499 3758 717 3826 connectenda
732 3775 781 3824 est
794 3781 869 3823 cum
883 3759 938 3823 illa
950 3760 1095 3845 sequenti
1111 3765 1158 3838 τὴν
1178 3764 1205 3824 δὲ
1225 3762 1347 3825 καθόλου
1362 3764 1421 3826 &c
1475 3765 1529 3828 Sic

499 3847 585 3912 enirn
595 3868 705 3910 sensus
717 3845 840 3930 integer
848 3845 1020 3909 absolvitur
1027 3869 1037 3923 3
1050 3845 1138 3931 quod
1149 3847 1336 3933 interpretes
1349 3870 1411 3911 non
1426 3849 1529 3912 anim·

499 3933 710 3996 adverterunt.
752 3932 873 3995 Tamen
894 3952 1030 3995 acumen
1050 3931 1228 4018 interpretis
1244 3934 1273 3997 in
1291 3933 1352 3996 hoc
1368 3934 1529 4020 praecipue

500 4018 616 4095 elucet,
640 4030 677 4080 ut
701 4017 868 4081 verborum
892 4038 930 4080 ac
956 4039 1066 4082 sensus
1091 4018 1258 4082 ἀκολουθίαν
1286 4018 1528 4103 diligentissime

500 4116 712 4169 consectetur.
758 4104 854 4166 Porro
878 4102 929 4166 hic
950 4102 1041 4166 locus
1058 4103 1090 4165 in
1105 4103 1215 4167 codice
1231 4105 1320 4167 Maz.
1337 4105 1428 4167 Med.
1446 4106 1528 4168 Fuk.

500 4205 533 4254 et
547 4187 640 4251 Savll.
657 4188 701 4250 lta
717 4188 834 4273 legitur
849 4187 894 4265 aa)
908 4191 968 4263 τοὺς
980 4190 1030 4270 μὲν
1042 4188 1194 4275 χαίροντας
1209 4191 1256 4252 καὶ
1269 4189 1469 4276 χαυνουμένους
1485 4194 1543 4265 ὑπ’,

498 4278 598 4348 αὐτῶν,
616 4272 675 4334 &o
698 4275 904 4337 Vaensrus.

544 4360 577 4422 P.
590 4371 639 4433 77.
656 4356 677 4420 l.
693 4376 719 4420 1.
741 4359 786 4420 ἵνα
799 4360 845 4422 καὶ
861 4358 1034 4444 ἐλεγκτικὸν]
1049 4359 1174 4422 Sciebat
1189 4362 1374 4436 Montanus,
1387 4381 1443 4422 seu
1459 4358 1527 4422 da·-

499 4467 575 4510 mon
591 4444 645 4530 qui
660 4465 716 4528 per
730 4446 879 4508 Montani
895 4467 930 4506 os
945 4444 1146 4528 loquebatur,
1161 4445 1236 4508 olim
1253 4468 1270 4507 a
1286 4446 1429 4509 Domino
1445 4465 1527 4528 prae-

499 4532 619 4595 dictum
637 4529 743 4606 luisse,
762 4530 829 4593 l'ore
850 4544 884 4592 ut
910 4530 1044 4615 Spiritus
1068 4530 1130 4592 Dei
1154 4530 1183 4591 in
1207 4531 1343 4593 adventu
1359 4552 1417 4591 suo
1433 4552 1526 4593 mun-

499 4617 576 4680 dum
592 4628 738 4713 argueret
752 4614 792 4677 de
812 4630 954 4700 peccato.
1002 4616 1112 4699 ltaque
1135 4615 1262 4677 dauron
1285 4615 1337 4678 ille
1361 4629 1396 4677 ut
1420 4637 1526 4677 vcrrnn

498 4702 562 4766 Dei
584 4700 735 4786 Spuitum
760 4723 793 4765 se
813 4724 880 4765 esse
901 4700 1098 4763 auditoribus
1120 4701 1330 4777 confirmaret,
1352 4721 1407 4763 eos
1429 4700 1527 4763 inter-
