4092 5675
734 753 789 820 nr
808 750 1032 866 Arsrcsm
1057 750 1314 822 cnuourcn.
1480 780 1548 852 249

500 924 554 1029 gii
576 922 679 1026 nostpi
701 925 830 1026 dpcem‚
851 945 916 991 non
940 947 960 989 a
979 924 1111 991 biennio
1132 939 1219 991 retro
1241 925 1408 1009 diluvium,
1429 930 1486 996 sed
1504 934 1549 1002 ad

499 1035 609 1166 Ἠ
625 1011 737 1078 drluru
751 1010 921 1099 epocham,
933 1025 967 1077 et
979 1033 1099 1076 armum
1114 1019 1204 1077 2262.
1219 1013 1356 1078 natalem
1370 1016 1549 1104 Arphaxad

615 1099 777 1178 adtexere,
790 1113 824 1163 et
844 1112 920 1185 post
933 1105 1022 1163 2262.
1045 1122 1146 1164 annos
1163 1114 1230 1164 135.
1248 1100 1416 1166 dumtaxat
1433 1118 1549 1190 putare

500 1185 546 1252 ad
559 1184 645 1252 Saloe
657 1200 767 1251 ortum
780 1207 865 1249 anno
879 1197 969 1263 2397.
983 1186 1024 1249 ab
1039 1208 1079 1250 eo
1095 1185 1332 1271 consignatum.
1353 1189 1548 1266 Africanum

500 1272 608 1337 verbis
623 1271 712 1336 hisce
727 1272 901 1357 Scripturae
917 1272 1037 1337 Genes.
1052 1272 1085 1337 ii.
1100 1296 1129 1337 v.
1145 1287 1191 1336 10.
1207 1272 1355 1338 delusum
1370 1298 1453 1341 reor.
1475 1277 1548 1345 Sem

500 1369 573 1424 erat
587 1368 710 1423 centum
729 1380 880 1422 annorum
898 1359 1020 1460 quando
1040 1358 1152 1445 genuit
1165 1358 1366 1443 Arphaaud:
1390 1361 1458 1448 ipse
1473 1386 1549 1431 vero

499 1443 615 1509 diluvii
629 1466 731 1509 annus
745 1444 808 1518 fuit
823 1457 925 1508 aetatis
941 1446 1015 1509 Sem
1032 1446 1243 1511 centesimus:
1266 1468 1332 1532 quo
1346 1447 1453 1512 forsan
1467 1473 1549 1516 con-

500 1530 526 1594 t'
554 1531 592 1609 ‘t,
606 1543 645 1595 ut
658 1531 867 1618 sequentibus
882 1531 1026 1595 animum
1041 1554 1106 1596 non
1123 1531 1321 1598 adverteret:
1344 1532 1463 1598 limais
1475 1548 1549 1621 post

501 1615 536 1680 ds
572 1615 669 1680 vium.
706 1617 853 1681 Africani
874 1618 1139 1704 paralogismum,
1164 1619 1328 1705 Georgius
1352 1633 1463 1686 noster
1484 1624 1550 1687 fre·

501 1715 642 1790 quenter
654 1704 820 1789 sequitur3
843 1725 902 1767 nec
918 1705 1051 1769 omnino
1066 1704 1194 1785 deserit,
1210 1706 1267 1769 ubi
1285 1728 1369 1770 sanae
1385 1718 1460 1771 sunt
1475 1708 1548 1795 ejus

500 1789 656 1868 rationes,
670 1790 788 1875 quibus
811 1811 875 1854 non
897 1790 958 1854 nisi
980 1813 1065 1855 anno
1086 1803 1162 1876 post
1184 1790 1341 1855 diluvium
1363 1793 1460 1857 unico
1480 1796 1547 1858 Ar·

499 1874 633 2027 ppued
646 1888 754 1940 ortum
771 1876 920 1940 retardat.
944 1878 1118 1942 Gonnus.
1163 1879 1269 1941 LXX.
1284 1878 1474 1964 interpretes
1489 1880 1548 1945 ha·

543 1974 591 2042 nt,
605 1960 715 2048 iscripsi
731 1961 793 2036 ἔτες
806 1964 881 2044 μετὰ
895 1965 941 2026 τὸν
953 1963 1166 2046 κατακλυσμόν.
1185 1964 1295 2028 Gentis·
1307 1964 1350 2028 xi.
1363 1979 1409 2028 10.
1446 1967 1547 2032 Porro

499 2045 566 2113 hoc
587 2047 712 2112 notavit
729 2047 918 2113 Leonardus
934 2048 1089 2136 Coqueus
1103 2050 1145 2113 ad
1161 2050 1194 2113 S.
1206 2050 1383 2136 Augustin.
1397 2052 1449 2114 De
1463 2051 1550 2117 Civi-

501 2143 570 2199 tate
582 2133 648 2198 Dei
662 2133 718 2198 lib.
729 2134 791 2198 xvi.
806 2156 877 2220 cap.
892 2150 938 2199 10.
961 2136 1171 2200 “Nonnullis
1192 2135 1310 2200 dicitur
1332 2137 1463 2222 genitus
1477 2139 1546 2203 Ar·

500 2226 524 2260 “
562 2219 670 2285 haxad
690 2241 776 2284 anno
798 2222 903 2305 primo
926 2221 1048 2301 diluvii,
1073 2221 1143 2285 aliis
1170 2221 1323 2299 secundo,
1349 2243 1386 2285 ac
1409 2222 1455 2286 sic
1478 2223 1571 2289 fere·

501 2312 524 2347 “
537 2241 687 2385 hebrai,
703 2306 757 2392 qui
770 2305 853 2371 illud
867 2308 955 2393 quod
970 2307 1100 2371 biennio
1114 2320 1190 2392 post
1206 2307 1372 2385 diluvium,
1390 2308 1501 2372 Gerros.
1515 2334 1545 2375 v.

463 2444 466 2449 .
499 2397 525 2434 “
537 2390 659 2458 dicitur
676 2406 783 2471 natus,
798 2393 1047 2478 interpretantur
1112 2406 1142 2457 st
1161 2391 1330 2472 diluvium,
1350 2393 1473 2459 scilicet
1494 2395 1545 2458 in-

499 2476 707 2544 “choatum
749 2478 830 2557 Alii,
844 2494 882 2544 ut
896 2480 1062 2543 Genebrar
1087 2502 1134 2558 us,
1150 2478 1191 2543 de
1206 2478 1336 2542 biennio
1353 2492 1428 2565 post
1448 2480 1545 2546 abso·

500 2563 648 2629 “lutum
666 2563 856 2629 diluvium.”
880 2566 932 2629 lta
948 2565 1114 2651 Coqueus.
1158 2565 1315 2629 Attamen
1337 2586 1376 2628 ex
1397 2564 1479 2644 istis,
1495 2566 1544 2631 fa·

501 2661 583 2730 teor,
597 2672 665 2714 non
683 2649 884 2715 excusandus
902 2652 962 2715 erit
981 2652 1167 2730 Africanus,
1188 2650 1278 2715 aliive
1299 2651 1386 2715 idem
1407 2652 1547 2716 sentien-

501 2748 563 2801 tes.
608 2736 709 2801 Porro
731 2749 873 2801 vetustus
896 2737 1033 2823 scriptor
1057 2735 1255 2816 Hilarianus‚
1270 2758 1367 2823 quem
1383 2758 1480 2823 supra
1502 2738 1544 2803 ad

501 2822 606 2889 Num.
619 2844 673 2889 vl.
687 2845 720 2910 p.
733 2835 803 2887 242.
818 2824 1080 2904 commemoravi,
1095 2846 1194 2888 annos
1208 2822 1307 2888 hosce
1322 2823 1405 2907 duos
1421 2824 1544 2891 notavit

501 2907 702 2994 descriptores
717 2908 809 2995 hujus
824 2910 955 2974 rationis
969 2910 1003 2974 in
1015 2932 1177 2974 numerum
1197 2932 1349 2975 annorum
1368 2933 1429 2974 non
1447 2925 1545 2996 posu-

501 2993 571 3061 isse.
597 2995 648 3060 De
657 2996 777 3061 Mundi
788 2996 964 3060 Durotione
978 3011 1057 3061 sect.
1073 3021 1102 3062 v.

543 3082 580 3145 P.
596 3095 664 3146 130.
677 3081 701 3145 l.
713 3095 742 3145 2.
764 3084 910 3167 Ἀρφαξοὶὸ
930 3085 957 3145 δὲ
977 3081 1134 3165 γενόμενος]
1151 3083 1341 3146 Particulam
1357 3085 1384 3146 di
1400 3105 1419 3146 a
1433 3085 1545 3149 Goaro

502 3166 657 3232 omissam
672 3166 814 3232 habebat
829 3167 983 3253 Scaliger,
999 3191 1095 3254 quem
1111 3182 1243 3232 tuentur
1256 3170 1298 3231 M
1301 3169 1351 3232 Sti
1364 3169 1516 3234 Parisini.

545 3252 631 3318 Ibid.
652 3258 737 3339 γεννᾷ
757 3255 803 3316 τὸν
822 3256 923 3337 Σαλά]
941 3255 1058 3338 Neque
1073 3253 1245 3316 Africanus
1264 3275 1369 3339 neque
1385 3255 1545 3320 Eusebius

501 3339 548 3404 etr
561 3338 683 3426 δεύτερον
697 3344 805 3402 Kotais
818 3352 984 3403 recensent
998 3339 1032 3401 in
1047 3338 1233 3423 posteritate
1247 3338 1335 3416 Sem,
1350 3361 1448 3424 quem
1462 3361 1546 3426 prae·

503 3436 551 3489 ter
564 3424 792 3490 auctoritatem
814 3425 968 3490 Hebraici
986 3437 1054 3487 tam
1071 3423 1273 3503 ludaeorum,
1289 3446 1387 3509 quam
1404 3426 1545 3490 Samari·

501 3521 628 3589 tarum,
636 3509 756 3575 codicis
771 3511 870 3575 editio
892 3509 1098 3596 septuaginta
1119 3510 1288 3574 Seniorum
1305 3510 1432 3594 posuit:
1455 3511 1556 3597 quod'

504 3617 599 3661 nemo
621 3596 703 3661 scire
726 3618 830 3682 neque
851 3596 937 3660 unde
959 3596 1125 3660 hauserint
1144 3595 1262 3681 potuit,
1279 3616 1383 3682 neque
1405 3619 1463 3662 cur
1484 3618 1547 3684 po·

504 3683 636 3762 suerint,
652 3682 809 3747 hactenus
824 3704 953 3747 causam
974 3682 1117 3746 reddere.
1161 3684 1259 3746 Extat
1280 3703 1411 3768 quoque
1433 3683 1466 3747 in
1531 3718 1547 3733 ·
1584 3714 1588 3735 ι

505 3769 653 3855 nealogia
667 3769 799 3831 Messiae
813 3767 899 3853 apud
912 3770 1048 3833 Lucam.
1080 3770 1189 3856 Quare
1203 3780 1253 3833 est
1266 3768 1368 3847 locus,
1384 3769 1439 3854 qui
1453 3704 1547 3834 valde

504 3853 691 3941 interpretes
711 3869 782 3918 tum
805 3867 937 3932 veteres,
956 3868 1027 3920 tum
1048 3876 1148 3918 novos
1170 3854 1465 3940 torsit—Atqui
1488 3876 1545 3919 ne-

506 3962 565 4028 que
592 3941 765 4004 Africanus
792 3961 898 4026 neque
927 3940 1085 4005 Eusebius
1110 3939 1171 4003 soli
1200 3939 1264 4003 hoc
1290 3940 1460 4018 fecerunt3
1488 3963 1545 4006 ex·

505 4026 612 4113 emplo
626 4027 712 4091 enim
727 4026 776 4089 vel
791 4048 915 4103 eorum,
932 4026 978 4089 vel
997 4024 1227 4113 antiquiorum,
1244 4025 1437 4112 chronologi
1457 4028 1546 4092 hunc

506 4111 639 4190 Kainan,
664 4134 761 4197 quern
786 4111 892 4175 Judaei
916 4124 949 4174 et
973 4111 1140 4176 Samaritae
1168 4112 1327 4197 ignorant,
1354 4113 1545 4193 omiserunt,

506 4219 608 4286 neque
620 4197 820 4283 Epiphanius
831 4198 980 4282 agnoscit
991 4197 1104 4263 haeresi
1115 4197 1421 4262 Melchisedicarum
1433 4215 1545 4286 p.205.

507 4282 699 4348 scameras
720 4283 753 4346 in
772 4284 887 4346 Graeca
902 4282 1041 4362 Euselii,
1056 4307 1089 4370 p.
1102 4296 1173 4361 409.
1219 4285 1319 4348 Recte
1341 4283 1480 4364 dubites,
1502 4308 1546 4351 an

508 4366 627 4433 Cainan
652 4371 750 4433 istum
773 4369 833 4455 ipsi
858 4370 1046 4454 interpretes
1068 4368 1177 4433 Graeci
1202 4368 1233 4432 in
1260 4369 1402 4434 versione
1424 4394 1481 4435 sua
1502 4372 1546 4435 ab

506 4450 592 4519 initio
608 4455 791 4519 habuerint.
822 4454 921 4519 Certe
936 4476 1041 4542 neque
1055 4454 1239 4531 Africanus,
1254 4477 1312 4519 nec
1326 4456 1462 4519 fortasse
1476 4458 1546 4521 Eu-

508 4540 621 4617 sebius,
636 4540 669 4603 in
682 4541 848 4605 codicibus
863 4541 929 4605 suis
943 4551 997 4605 τῶν
1011 4539 1046 4604 o'.
1062 4540 1201 4606 eundem
1214 4540 1371 4604 invenisse
1384 4540 1545 4607 videntur.

508 4622 665 4690 consulas
685 4640 801 4712 praeter
820 4626 899 4690 alios
915 4627 955 4692 cl.
970 4627 1073 4692 virum
1089 4628 1225 4690 Hieron.
1239 4627 1292 4690 De
1307 4627 1402 4690 Prato
1416 4626 1449 4689 in
1465 4627 1545 4692 Dis·

508 4724 575 4776 sert.
589 4735 689 4799 supra
709 4712 841 4777 laudata
853 4712 894 4777 ad
912 4735 946 4799 p.
962 4727 1033 4778 243.
1056 4714 1108 4777 De
1121 4711 1252 4777 Duobus
1266 4709 1372 4776 Libris
1388 4711 1548 4778 Chronicis

508 4793 617 4873 Euseb.
634 4798 691 4865 ubi
711 4798 744 4862 in
766 4820 836 4884 cap.
851 4798 896 4862 iii.
915 4798 1146 4866 observande
1165 4798 1289 4863 Cainan
1309 4799 1452 4864 secundo
1474 4799 1548 4865 fus·
