4092 5675
543 689 547 694 ¹
649 735 823 804 Annon.
838 737 890 802 ru
904 735 1052 802 Arme.
1066 735 1199 803 mrsu.
1214 735 1279 803 AD
1292 735 1418 804 ‚ome
1486 739 1547 825 199'

514 911 592 972 κατὰ
604 907 759 974 Σωσᾶννοον
776 908 954 994 ὃνηγῆμτος,
970 909 1004 982 ὥς
1018 911 1067 971 οὐκ
1080 905 1111 985 ἦν
1125 909 1191 972 αὐτὸ
1205 914 1231 972 ἓν
1243 913 1299 983 τοῖς
1311 907 1468 997 Ἐὸμοιϊκοῐς
1482 913 1545 972 ἁνε-

515 993 684 1077 γνονσμίνον,
698 995 746 1057 καὶ
766 996 801 1069 ὥς
823 999 872 1058 οὐκ
888 994 1040 1058 ἀκόλουθον
1053 999 1086 1080 τῇ
1099 994 1234 1106 Ἑὸςοίίκῇ
1248 995 1428 1080 ἔτομολογῖᾳ,
1441 992 1501 1058 οὔτε
1514 995 1546 1057 rl

515 1082 569 1143 tvl
584 1086 634 1142 τοῦ
649 1079 737 1168 agive
751 1079 865 1167 νομίσαν,
880 1077 940 1142 οὔτε
953 1078 985 1142 ro*
999 1080 1114 1141 ἀπὸτοῦ
1128 1106 1195 1164 xus
1211 1080 1305 1165 χίσον,
1319 1079 1339 1143 t
1354 1081 1400 1142 nal
1416 1077 1546 1143 ἐπιλαθέ-

516 1189 595 1244 μονος
611 1164 756 1274 Ὠμγίνης
775 1165 960 1252 ἀντέγραψεν.
1004 1164 1118 1229 Suidas
1142 1167 1175 1228 in
1198 1187 1274 1229 voce
1292 1167 1467 1251 Ἀφρικανὸς,
1481 1166 1548 1230 aits

517 1248 594 1313 mol
608 1253 753 1334 murouiy
769 1253 840 1326 adrev
853 1250 1010 1336 Ὠμνγένης,
1024 1249 1133 1322 ἔνςασον
1146 1252 1331 1333 ποιησάμενος
1346 1252 1414 1337 περὶ
1433 1258 1481 1313 τοῦ
1502 1256 1548 1328 τῆς

517 1333 666 1412 Σοοσίιννης
678 1333 730 1414 dr&
759 1362 799 1413 οο,
813 1343 861 1400 τοῦ
876 1341 911 1411 εἰς
924 1339 970 1399 τὸν
985 1335 1102 1412 Δανοῆλ.
1147 1337 1237 1400 Idem
1259 1337 1291 1400 in
1309 1357 1385 1400 voce
1400 1336 1548 1416 Σωσάννοο.

519 1418 559 1483 ὅτι
574 1425 652 1482 κατοὶ
665 1426 702 1483 rei
714 1424 879 1507 Ἀφρικανοῦ
891 1425 985 1499 Σεξτὲ
1001 1421 1036 1504 ἔγ
1053 1423 1122 1497 adrev
1135 1422 1289 1507 Ὠμιγένης,
1305 1421 1412 1494 ἔνςοισον
1424 1419 1550 1498 πονησά-

520 1530 595 1586 μονος
609 1507 678 1592 oregl
699 1514 747 1569 τοῦ
767 1513 813 1582 τῆς
835 1507 982 1584 Σωσάννης
995 1449 1116 1586 bsilico,
1131 1515 1178 1571 τοῦ
1193 1512 1228 1581 εἷς
1241 1510 1287 1570 τὸν
1302 1509 1419 1585 darrih.
1462 1509 1550 1570 Bene

522 1590 663 1676 quidem,
677 1592 738 1655 nisi
751 1592 839 1677 quod
853 1594 872 1656 J
875 1592 974 1655 ulium
989 1592 1177 1656 Africanum
1193 1614 1266 1655 cum
1281 1592 1434 1656 Africano
1452 1593 1550 1657 Sexto

522 1675 700 1754 confundit,
716 1676 764 1739 uti
777 1676 938 1762 Josephus
959 1677 1101 1762 Scaliger
1119 1700 1177 1741 nos
1199 1693 1309 1742 monet
1330 1679 1361 1741 in
1379 1677 1550 1740 Animadv.

522 1759 639 1826 Euseb.
670 1760 712 1825 ad
740 1783 792 1824 an.
820 1783 1088 1826 unccxxxvrr.
1116 1764 1311 1849 Freculphus
1338 1764 1370 1826 in
1398 1762 1550 1826 Chronic.

521 1859 601 1911 tom.
617 1847 651 1911 ii.
673 1847 729 1911 lib.
744 1847 789 1910 iii.
810 1869 881 1932 cap.
897 1862 926 1911 8.
966 1847 1072 1932 Hujus
1101 1848 1268 1932 (Africani)
1293 1858 1338 1912 est
1359 1847 1490 1932 epistola
1511 1847 1553 1911 nd

518 1931 748 1996 Adamantium
770 1947 860 2016 super
880 1934 1050 2018 quoestione
1069 1934 1230 2012 Susannae,
1246 1958 1277 1997 en
1293 1934 1373 2021 quod
1386 1934 1469 1997 dicat
1484 1955 1553 1997 eam

519 2015 553 2082 in
566 2015 723 2081 Hebraico
727 2016 878 2102 fabulam
891 2017 994 2080 haberi
1011 2018 1106 2103 (lege,
1118 2042 1178 2083 non
1194 2018 1309 2100 dalmi)
1328 2041 1381 2083 nec
1396 2018 1553 2084 convenire

514 2123 590 2168 cum
616 2102 772 2166 Hebraico
784 2128 797 2181 ‚·
828 2114 933 2166 contra
960 2126 1066 2189 (μανον,
1094 2103 1256 2187 epistolum
1282 2105 1402 2168 docta-m
1430 2103 1554 2188 scripsit

514 2186 744 2253 Adamantius.
799 2188 1004 2273 Nicephorus
1034 2188 1185 2253 Callistus
1213 2189 1270 2254 lib.
1292 2213 1319 2252 v.
1350 2191 1437 2253 Hist.
1465 2190 1554 2254 Eccl.

510 2289 655 2361 capm.
677 2272 767 2347 Οὗτος
790 2274 817 2335 δὲ
834 2275 1018 2357 (Ἀφρικανὸς)
1038 2278 1163 2350 ἐπνςολὴν
1177 2275 1313 2359 χεδοᾶσας
1335 2273 1449 2357 ἔπεμπεν
1471 2278 1555 2360 'ilpr-

510 2359 605 2446 7ivu,
619 2362 669 2436 τὴν
684 2363 760 2422 κοντοὶ
781 2358 932 2422 Σωσᾶννοιν
954 2363 1039 2445 οταμοὶ
1059 2365 1099 2445 τῷ
1121 2364 1229 2438 Δανιὴλ
1251 2359 1362 2444 ἶςομῖαν,
1377 2362 1413 2434 ὥς
1429 2357 1462 2423 οἲν
1480 2360 1556 2423 νόθον

508 2449 568 2524 η”ς
580 2449 691 2592 γςοιφῆς
703 2443 891 2525 ἀποσειόμενος
905 2445 1096 2530 σύγγραμμα·
1119 2446 1192 2528 πρὸς
1212 2444 1242 2521 ἣν
1261 2445 1406 2532 Ὠςνγένης
1419 2445 1556 2531 ἄντογμίι·

510 2547 589 2612 w,
617 2530 719 2593 είκνυον
741 2532 779 2609 μὴ
800 2529 875 2592 νόθον
893 2529 967 2608 οἶνον,
982 2535 1062 2592 ἀλλὰ
1077 2530 1123 2591 nal
1138 2536 1247 2612 μᾶλλον
1266 2532 1376 2615 γνήσιον
1397 2535 1430 2616 τῇ
1451 2534 1557 2617 γραφῇ,

509 2617 569 2678 aul
581 2614 765 2700 πληρεςίιτην
778 2616 1047 2700 πραγματευόμενον
1063 2615 1244 2680 λυσιτέλειαν.
1289 2616 1468 2680 Gobelinus
1484 2617 1558 2680 Per-

512 2721 602 2766 sona
624 2701 657 2764 in
679 2699 928 2765 Cosmodronrio
944 2714 1031 2764 aetat.
1042 2708 1072 2764 6.
1088 2722 1159 2786 cap.
1175 2717 1222 2765 10.
1243 2701 1429 2778 Gordianus,
1443 2701 1558 2788 inquit,
1586 2763 1588 2770 .

514 2784 688 2885 imperavit
715 2784 805 2849 annis
831 2807 894 2849 sex.
938 2787 1008 2851 Hoc
1035 2797 1168 2871 tempore
1186 2786 1357 2874 Africanus
1383 2785 1558 2852 Historicus

488 2872 599 2955 ,suth
613 2871 669 2959 qui
688 2871 812 2955 scripsit
826 2871 868 2934 nd
885 2871 1047 2959 Origenem
1069 2894 1164 2936 unam
1186 2872 1348 2957 epistolam
1371 2873 1408 2936 de
1430 2872 1559 2937 historia

517 2957 688 3023 Smannoe.
732 2958 811 3019 Earn
834 2979 962 3042 quoque
984 2959 1064 3022 inter
1085 2980 1180 3043 opera
1200 2960 1219 3022 J
1224 2958 1277 3021 ulii
1297 2958 1440 3023 Africani
1462 2958 1560 3023 refert

513 3041 720 3107 Trithemius
734 3040 790 3104 lib.
806 3041 846 3106 de
862 3041 1014 3127 Scriptor.
1031 3044 1152 3107 Eccles.
1173 3044 1227 3108 Ad
1251 3044 1425 3131 origenem,
1445 3043 1560 3131 inquit,

518 3126 563 3193 de
586 3126 730 3191 Susanna
755 3125 832 3191 liber
854 3149 943 3191 unns.
997 3129 1147 3214 Denique
1172 3143 1304 3215 utraque
1329 3129 1398 3193 haec
1425 3128 1560 3214 epistola

520 3224 592 3277 tam
606 3212 751 3278 unanimi
767 3226 909 3276 veterum
924 3212 1107 3277 testimonio
1127 3229 1256 3291 asserta,
1272 3214 1417 3298 pluribus
1431 3214 1561 3300 insuper

522 3296 687 3385 hodieque
712 3298 901 3383 consignata
926 3319 958 3360 re
1002 3299 1081 3361 ritur
1102 3300 1200 3362 MSS.
1223 3299 1400 3377 codicibus,
1422 3320 1560 3397 quorum

524 3382 592 3447 duo
613 3382 789 3469 praesertim
817 3319 1025 3446 venerandiim
1049 3404 1113 3466 prae
1140 3404 1174 3446 se
1196 3384 1303 3447 ferunt
1323 3383 1559 3468 antiquitatem.

523 3466 621 3533 Alter
632 3468 718 3533 enim
731 3489 750 3531 e
764 3467 965 3532 Bibliotheca
982 3467 1178 3532 Coisliniana
1196 3491 1283 3532 num.
1301 3469 1364 3533 xxi.
1388 3468 1561 3533 undecimo

527 3553 679 3618 Ecclesiae
693 3553 813 3617 saeculo
827 3566 875 3617 est
889 3566 1034 3617 exaratus
1046 3577 1054 3628 3
1070 3554 1148 3617 alter
1162 3575 1234 3617 vero
1248 3576 1266 3616 e
1281 3553 1483 3620 Bibliotheca
1496 3555 1559 3619 Re-

530 3638 583 3723 gin
594 3660 686 3703 num.
703 3652 790 3717 1892.
805 3639 942 3724 scriptus
956 3652 1005 3702 est
1020 3638 1147 3702 decimo
1163 3639 1258 3703 tertio
1272 3639 1403 3704 saeculo.

572 3723 705 3789 Certum
720 3737 770 3788 est
785 3725 957 3810 Origenem
980 3723 1182 3787 Nicomediae
1203 3724 1285 3788 hanc
1306 3746 1397 3788 suam
1417 3723 1458 3788 ad
1471 3723 1560 3789 Afri-

532 3828 644 3875 canum
665 3809 834 3895 epistolam
856 3809 1038 3894 scripsisse3
1060 3830 1199 3894 cumque
1213 3810 1262 3873 bis
1278 3809 1309 3872 in
1325 3810 1485 3873 Graeciam
1501 3808 1562 3873 iter

533 3894 713 3973 instituerit,
726 3895 865 3980 primum
881 3916 965 3957 anno
979 3908 1048 3959 228.
1063 3894 1239 3958 secundum
1259 3909 1366 3958 autem
1387 3893 1562 3959 duodecim

534 3991 603 4064 post
615 4002 728 4057 annos,
741 3980 896 4044 alterutro
911 3979 1023 4043 itinere
1043 3979 1266 4044 Nicomediam
1286 3980 1426 4066 petiisse,
1440 3979 1563 4045 etinde

535 4064 695 4149 epistolam
711 4063 835 4128 dedisse
850 4064 984 4128 videtur.
1029 4066 1168 4130 Huctius
1184 4067 1324 4130 secundo
1340 4066 1441 4130 itineri
1457 4064 1490 4131 id
1504 4064 1562 4130 tri·

536 4148 610 4215 buit.
653 4148 752 4213 Certe
772 4150 805 4213 in
828 4150 888 4213 hac
906 4149 1042 4234 epistola
1056 4151 1210 4216 Africano
1228 4166 1331 4216 narrat
1345 4152 1512 4239 Origenes,
1528 4173 1562 4218 se

536 4232 652 4321 ingenti
672 4235 783 4299 labore
805 4234 959 4298 Hebraici
977 4249 1084 4300 textus
1105 4249 1137 4299 et
1157 4239 1262 4300 LXX.
1280 4239 1495 4323 interpretum
1510 4259 1563 4301 va-

536 4318 592 4385 tim
612 4320 777 4397 lectiones,
793 4320 878 4384 facta
898 4319 1064 4405 utriusque
1083 4320 1254 4385 collatione
1269 4323 1448 4409 collegisse,
1462 4344 1564 4407 eaque

536 4400 572 4467 de
589 4426 686 4471 causa
707 4404 806 4469 varias
826 4426 938 4468 omnes
958 4404 1116 4469 editiones
1137 4406 1373 4471 examinavisse.
1416 4406 1513 4494 Quod
1535 4406 1565 4469 si

538 4486 679 4577 Hexapla
687 4511 745 4554 sua
754 4489 894 4555 indicare
903 4489 1003 4553 voluit
1014 4490 1131 4576 quibus
1141 4491 1270 4555 edendis
1280 4515 1410 4556 manum
1422 4491 1565 4555 admovit

537 4592 702 4663 postquam
713 4590 833 4640 sextam
844 4574 1030 4653 editionem,
1040 4574 1220 4661 Epiphanio
1229 4590 1321 4657 teste,
1329 4598 1412 4640 anno
1423 4576 1564 4638 Alexan·¹

538 4656 580 4727 tlri
592 4661 699 4727 Severi
712 4661 862 4749 septimo,
872 4660 906 4727 id
918 4674 968 4727 est
980 4660 1103 4725 Christi
1117 4674 1185 4727 228.
1201 4663 1329 4749 reperit,
1345 4683 1407 4726 non
1423 4660 1565 4747 potuisse

1013 4766 1046 4811 .0
1058 4757 1079 4809 4
