4092 5675
568 786 608 849 14
901 763 1262 832 ANNOTATIONES

565 946 588 979 “
601 938 661 1005 bro
680 937 829 1004 adversus
852 938 999 1002 Proclum
1020 936 1166 1024 loquens,
1186 950 1359 1024 utrumque
1377 938 1509 1089 proprio
1528 940 1597 1027 eph

565 1025 692 1091 “theto
706 1024 894 1111 designavit.
931 1023 1048 1089 Caium
1062 1022 1149 1087 enim
1164 1021 1415 1106 ecclesiasticum
1454 1024 1597 1090 ominem

565 1117 588 1151 “
603 1110 762 1197 appellat:
794 1110 943 1176 Proclum
964 1131 1038 1173 vero
1061 1107 1341 1195 Cataphrygarum
1367 1123 1462 1175 seetae
1486 1126 1598 1197 petro-

565 1202 588 1237 “
602 1218 692 1276 num,
705 1196 739 1261 id
751 1209 799 1260 est
811 1195 1008 1261 baeretieutu.
1028 1194 1055 1270 ὃς
1070 1198 1099 1273 δὴ
1112 1193 1235 1279 Πρόκλῳ
1245 1200 1293 1271 τῆς
1304 1198 1380 1258 κατὰ
1390 1196 1506 1281 Φρύγας
1520 1208 1602 1283 moi-p

565 1288 587 1323 “
601 1281 712 1369 ςαμίνῳ
726 1282 836 1367 γνώμης
851 1281 988 1367 iyspt'tpurg
1002 1280 1174 1366 διαλεχθεὶς,
1187 1278 1251 1368 διο.Ι
1268 1279 1398 1369 Quippe
1415 1279 1602 1371 Cataphryy

564 1374 587 1407 “
600 1389 715 1454 garum
737 1384 824 1432 secta
841 1369 873 1431 in
896 1366 977 1432 duas
999 1381 1105 1453 partes
1126 1364 1226 1431 divisa
1243 1375 1305 1431 est.
1345 1366 1489 1432 Alterius
1509 1369 1601 1454 priu-

565 1460 677 1540 “ceps
696 1454 757 1518 fuit
778 1453 930 1519 Proclus:
953 1451 1083 1517 adterius
1102 1474 1175 1517 vero
1190 1450 1382 1539 AEschynes.
1427 1453 1494 1543 Qui
1518 1455 1597 1522 Pro·v

564 1545 588 1579 “
601 1539 687 1604 olum
717 1542 939 1627 sequebantur,
967 1539 1156 1603 dicebantur
1184 1542 1209 1599 ot
1237 1541 1312 1600 κατὰ
1342 1536 1481 1623 Πρόκλον.
1530 1540 1598 1629 Qui

462 1621 464 1626 ⁴
563 1630 587 1665 “
601 1625 702 1690 AEsch
728 1626 759 1689 ni
782 1626 939 1703 favebant,
957 1624 1146 1689 dicebantur
1164 1629 1188 1686 ri
1209 1627 1285 1686 κατὰ
1299 1626 1434 1709 digami,
1450 1639 1488 1690 ut
1501 1625 1599 1692 docet

563 1718 585 1751 “
600 1650 815 1776 Tertuhianus
830 1710 864 1774 in
877 1709 961 1775 libro
976 1710 1017 1773 de
1053 1708 1268 1794 rescriptione
1285 1708 1556 1775 Haereticorum.”

608 1795 776 1861 P.5.i.2t.
791 1796 1015 1860 tristitiarum
1043 1795 1071 1879 ν]
1082 1795 1204 1858 Mirum
1212 1807 1266 1858 est
1277 1793 1311 1858 in
1321 1793 1470 1859 omnibus
1482 1797 1599 1863 nostris

563 1881 729 1948 codicibus
742 1904 809 1947 uno
822 1883 981 1947 consensu
1000 1879 1108 1945 haberi
1128 1881 1285 1945 Βασικανόν
1296 1903 1306 1958 ;
1330 1895 1388 1946 nec
1408 1880 1499 1946 aliter
1516 1882 1547 1947 le
1573 1883 1600 1936 '-

564 1982 617 2032 tur
631 1966 664 2032 in
679 1966 843 2033 Chronico
858 1968 995 2053 Georgii
1012 1965 1165 2054 Syneelli.
1210 1966 1248 2030 In
1268 1964 1475 2054 sequentibus
1494 1991 1548 2032 ver
1572 1969 1599 2036 is

563 2051 641 2129 hiri
659 2058 706 2131 τὴν
726 2056 782 2117 ὁδὸν
803 2056 851 2133 τὴν
871 2053 956 2127 &iar
976 2073 1089 2117 omnes
1110 2051 1212 2117 nostri
1228 2049 1355 2116 codices
1373 2051 1449 2124 ὄςῐαν.
1466 2052 1599 2121 habenta

562 2138 686 2204 Verum
712 2138 744 2202 iu
769 2138 832 2203 hoe
855 2137 1057 2217 dissentiunt,
1076 2136 1170 2224 'quod
1195 2136 1381 2202 Mazarinus
1406 2138 1537 2224 quidem
1566 2153 1600 2207 et

563 2222 746 2289 Medicreus
763 2224 864 2290 codex
884 2246 959 2288 cum
981 2224 1045 2289 leni
1066 2222 1179 2310 spiritu
1199 2223 1353 2308 scriptum
1370 2222 1490 2288 habent
1503 2225 1597 2298 ὀςῐανε

563 2309 686 2396 Regius
700 2323 808 2375 autem
828 2323 862 2376 et
882 2311 907 2375 F
908 2309 1079 2376 uketianus
1098 2321 1245 2396 asperum
1267 2307 1453 2373 adhibente
1476 2310 1598 2377 iritum.

564 2395 663 2462 Porro
678 2396 853 2462 Vaticanus
876 2394 1005 2497 quidem
1026 2395 1068 2461 ad
1087 2396 1125 2472 Β.
1143 2396 1271 2460 Petrum
1294 2393 1404 2460 referri
1418 2393 1458 2459 de
1502 2410 1526 2473 t,
1539 2399 1600 2547 pui

562 2482 706 2568 sepultus
721 2494 769 2546 est
784 2483 816 2547 in
829 2483 997 2547 Vaticano.
1031 2481 1187 2547 Ostiensis
1202 2494 1310 2545 autem
1324 2478 1375 2544 'via
1390 2479 1523 2546 Paulum
1583 2522 1598 2537 -

562 2579 666 2646 notat,
681 2567 736 2655 qui
757 2566 900 2715 sepultus
915 2573 965 2630 e'st
978 2568 1010 2630 in
1025 2567 1075 2631 via
1087 2565 1245 2631 Ostiense.
1268 2565 1476 2631 vetustus·
1519 2568 1598 2635 MS.

521 2657 523 2662 ’
585 2673 692 2740 noque
713 2652 811 2718 savit
834 2673 890 2716 seu
909 2650 998 2716 Bodl.
1019 2650 1150 2716 exhibet
1170 2655 1309 2728 Βασικᾶν,
1329 2663 1363 2714 et
1378 2650 1480 2731 δςεῖαν,
1500 2667 1600 2739 prout

561 2673 691 2803 auarus
710 2737 820 2816 edidit,
838 2737 999 2824 Georgius
1016 2736 1195 2823 Syncellus.
1231 2735 1290 2801 Ait
1307 2736 1482 2819 strothius,
1497 2740 1596 2806 Euse-

561 2822 607 2891 bii
628 2823 736 2890 editor·
754 2822 953 2905 novissimus,
967 2821 1127 2890 Lectiones
1143 2820 1248 2888 Veneti
1267 2820 1377 2900 eodmis
1398 2822 1475 2897 ὂςίαν
1495 2823 1599 2892 habu*

561 2909 634 2991 isse,
645 2910 731 2997 quod
741 2905 811 2998 ipse
823 2910 856 2974 in
867 2910 990 2973 textum
1003 2909 1313 2997 recepit‚-notatque,
1323 2907 1514 2994 Stephanum
1525 2911 1596 2978 edi·

560 2995 645 3061 disse
659 2996 735 3069 oriar
749 3018 823 3060 curn
839 2995 953 3081 spiritu
967 3016 1093 3079 aspero,
1105 2994 1310 3080 Nicephorum
1323 3006 1432 3061 autem
1446 2996 1598 3064 exhibere

560 3081 726 3160 ’οςηνσίαν.“
759 3082 869 3146 Habet
885 3081 960 3146 MS.
978 3080 1117 3167 Norfolc.
1133 3080 1250 3153 ὗςισίαν.
1286 3080 1385 3170 Quod
1406 3081 1521 3147 attinet
1537 3106 1597 3149 au·

561 3179 628 3232 tem
642 3167 683 3232 ad
699 3188 817 3231 nomen
835 3166 926 3231 collis
941 3167 1118 3246 Vaticanae,
1133 3165 1254 3231 nullam
1271 3166 1477 3232 variationem
1498 3167 1598 3234 habet

559 3252 682 3320 codicis
696 3253 793 3340 hujus
807 3252 949 3319 collatio.
992 3252 1123 3340 Rufinus
1143 3265 1233 3317 vetus
1254 3251 1409 3340 interpres
1424 3254 1544 3352 posuit,
1560 3254 1597 3320 Si

560 3338 643 3404 enim
654 3340 803 3426 procedas
817 3337 994 3428 trianguli,
1004 3361 1084 3491 pure
1098 3338 1141 3403 ad
1153 3338 1347 3403 Vaticanum
1362 3338 1458 3418 duee,
1474 3351 1531 3404 eut
1544 3339 1607 3406 oia

560 3425 702 3491 Ostiensi
718 3427 777 3492 &a
818 3427 982 3491 Caeterum
1027 3424 1231 3510 esepultura
1244 3424 1414 3490 beatorum
1429 3425 1596 3511 apostolo·

559 3508 1015 3662 ffiriiiih'ihfihmh
1032 3512 1154 3659 Mhi
1169 3509 1461 3661 {i‘iihhepwfm
1477 3510 1510 3575 ³¹¹
1524 3511 1596 3577 ‘¹²³'

559 3694 564 3700 “
605 3681 687 3747 Ibid.
702 3683 724 3747 l.
738 3696 787 3750 22.
810 3686 850 3746 roi
867 3682 987 3768 τρόπαια
1010 3617 1065 3746 roi:
1085 3681 1188 3758 retiret
1208 3617 1464 3832 &esshdrdbrsus
1484 3683 1595 3748 Meta·

558 3766 722 3855 phrasten‚
736 3769 792 3870 qui
806 3767 876 3833 hac
892 3767 962 3833 Caii
976 3781 1009 3832 et
1027 3767 1089 3831 alia
1102 3766 1251 3854 quaedam
1301 3767 1419 3854 ionysii
1434 3767 1595 3834 Corinthii

553 3874 725 3941 perperam
744 3853 912 3933 intellexit,
926 3852 998 3919 vide
1018 3852 1237 3939 disputantem
1249 3852 1415 3919 Valesium
1436 3874 1533 3939 supra
1553 3853 1595 3919 ad

558 3939 702 4027 ejusdem
723 3941 913 4007 Dtoursu
934 3941 1139 4026 Fragmenta,
1151 3960 1228 4039 pag.
1243 3951 1310 4018 179.
1324 3938 1387 4004 vol.
1404 3939 1432 4002 1.
1466 3937 1595 4004 Videsis

558 4038 594 4091 et
607 4023 685 4089 ibid.
702 4026 742 4090 de
757 4038 901 4113 tempore
916 4026 1142 4113 martyriorum
1159 4041 1293 4090 istorum
1310 4023 1467 4089 nonnihil.

603 4111 637 4175 P.
649 4116 680 4174 6.
696 4111 717 4174 l.
729 4125 760 4175 2.
780 4113 878 4176 Ἀλλὰ
893 4112 940 4174 καὶ
955 4111 1091 4200 Κῆςινθος
1106 4110 1181 4197 dte]
1199 4110 1368 4188 EusebiuS,
1384 4114 1471 4174 Karai
1485 4107 1536 4185 rtis
1551 4111 1595 4174 δε·

557 4195 723 4277 δηλωμένους
735 4197 851 4282 χρόνους
867 4197 949 4278 (scil.
962 4195 1101 4284 Trajauo
1120 4195 1335 4284 imperitante)
1356 4195 1449 4281 ὓτέρας
1468 4195 1596 4283 αἱρέσεως

556 4282 686 4368 emh
697 4282 818 4367 γένεθα
832 4284 877 4360 Κή
895 4289 967 4346 arhor
981 4283 1205 4371 παρειλήφαμεν.
1226 4282 1310 4354 Γάϊος
1326 4278 1445 4360 deusde
1458 4281 1505 4359 ἤδη
1518 4307 1549 4345 or
1564 4279 1595 4344 d·

556 4382 633 4454 'tepor
645 4368 847 4455 superteneat
863 4309 931 4452 (hb.
943 4368 976 4433 ii.
990 4388 1063 4454 cap.
1075 4370 1139 4448 25.)
1158 4370 1185 4432 is
1198 4373 1232 4456 τῇ
1246 4364 1375 4455 φερομὸνῃ
1388 4371 1473 4431 αὐτοῦ
1487 4370 1518 4448 ζη
1573 4393 1595 4429 a

555 4460 648 4517 ταῦτα
669 4453 736 4539 eripi
758 4459 843 4519 αὐτοῦ
862 4452 971 4540 γράφει·
1002 4455 1126 4520 ἈΛΛΑ
1149 4453 1196 4518 καὶ
1221 4455 1353 4539 Κήρινθος
1374 4452 1434 4517 &e-
1472 4451 1596 4519 Eadem

558 4548 740 4624 tenpestate
753 4539 883 4604 alterius
898 4538 1026 4604 haeresis
1039 4551 1195 4607 auctorem
1245 4538 1304 4604 isse
1317 4537 1498 4603 Corinthum
1509 4559 1595 4603 acee-

554 4624 670 4709 pimur.
706 4626 838 4713 Deque
867 4624 959 4690 Caius
986 4625 1012 4689 is
1035 4627 1122 4690 cu'us
1147 4647 1199 4688 uer
1218 4646 1238 4689 a
1260 4624 1400 4709 superius
1420 4623 1594 4702 retulimus,

559 4708 626 4776 haee
638 4709 672 4775 in
687 4710 912 4797 Disputatione
923 4733 981 4776 suu
994 4649 1124 4776 scribit.-
1147 4711 1233 4776 SED
1248 4724 1283 4775 et
1297 4707 1474 4775 Cerinthus
1490 4707 1550 4774 &a
