4092 5675
597 749 643 818 66
924 743 1297 815 ,ΑΝΝΟΤΑΤΙΟΝΕδ

599 918 657 987 sed
683 918 781 986 etiam
807 915 1297 1006 Hieronymus.Msepirornsque
1321 917 1396 985 lect.
1424 916 1557 984 alteram
1583 929 1642 992 tn·-

597 1018 694 1071 entur
715 1004 814 1093 paulo
835 1017 910 1091 post
930 1006 972 1069 ad
992 1027 1026 1092 p.
1044 1018 1094 1081 37.
1113 1005 1174 1069 ubi
1195 1006 1323 1070 duobus
1342 1005 1376 1070 in
1398 1004 1479 1071 locis
1502 1004 1641 1076 Rufinus

597 1092 730 1180 quidem
742 1090 967 1176 prophetissam
981 1113 1040 1179 pro
1054 1090 1207 1176 propheta
1220 1103 1362 1176 praestat.
1401 1093 1466 1156 Res
1478 1091 1580 1177 igitur
1594 1092 1642 1155 ita

599 1200 635 1243 se
659 1177 779 1242 habere
806 1189 926 1264 potest,
945 1190 984 1243 ut
1005 1199 1064 1264 per
1086 1178 1196 1243 omnia
1220 1176 1407 1264 designetur
1434 1177 1641 1265 pseudopro·

599 1264 699 1351 pheta
712 1263 902 1329 Montanus.
1495 1302 1497 1308 ·

642 1352 678 1415 P.
690 1362 741 1425 57.
756 1350 781 1414 l.
794 1361 841 1414 14.
857 1350 936 1437 ,παρ’
952 1350 1058 1433 αὐτοῖς]
1075 1352 1146 1435 παρ’
1162 1351 1235 1412 ariri
1250 1348 1297 1414 ed.
1315 1348 1422 1433 Strepit.
1444 1349 1620 1414 STROTH.

642 1435 728 1500 Ibid.
741 1436 763 1500 l.
779 1448 826 1511 17.
849 1436 989 1520 ςῆτοοοοοο]
1017 1439 1044 1498 ἐν
1069 1436 1157 1521 τούτῳ
1178 1433 1303 1499 addunt
1327 1433 1456 1499 Gruteri
1477 1435 1588 1498 Lectt.¹
1607 1444 1642 1502 et

596 1520 716 1610 Margo
729 1519 916 1606 exemplaris
926 1522 1030 1584 Jonas.
1046 1520 1219 1585 Ssnorrs.
1258 1520 1373 1599 Addit,
1386 1520 1436 1585 vel
1449 1521 1559 1606 potius
1572 1519 1641 1585 hue

598 1609 761 1686 transfert,
774 1607 855 1671 MS.
867 1627 1000 1693 quoque
1016 1604 1110 1669 Bodl.
1131 1627 1270 1692 namque
1289 1606 1377 1672 istud
1400 1609 1426 1669 ἐι
1446 1603 1533 1690 τάτῳ.
1548 1605 1642 1672 deest

596 1706 673 1781 post
687 1693 819 1757 verbum
835 1692 947 1778 ἔχουσιν
962 1713 1038 1755 cum
1052 1691 1085 1755 in
1098 1690 1189 1756 Bodl.
1205 1703 1275 1756 tum
1291 1692 1324 1755 in
1338 1691 1404 1756 eod.
1418 1689 1559 1776 N'orfolor

642 1778 728 1843 Ibid.
750 1778 960 1863 διορισάθοοοαν
976 1776 1018 1840 iai
1033 1775 1141 1862 τέτοις]
1156 1776 1328 1842 Musculus
1340 1776 1445 1856 vertit,
1457 1787 1489 1842 et
1499 1792 1593 1861 super
1603 1797 1641 1842 ea

597 1863 754 1928 nodisntrn
767 1863 947 1949 disceptent,
962 1860 1044 1927 eale
1066 1886 1082 1927 e
1095 1874 1143 1941 nt,
1159 1863 1219 1927 &e
1241 1865 1450 1928 Vnnssrus.
1494 1866 1523 1926 ἐν
1534 1861 1642 1938 τούτοις

597 1949 677 2015 MS.
690 1948 830 2035 Norfolc.
853 1950 938 2014 Mox
949 1948 983 2012 in
994 1970 1028 2012 eo
1052 1996 1060 2012 .
1074 1948 1174 2013 codice
1183 1948 1335 2029 nnirsrwr
1348 1970 1408 2035 pro
1422 1947 1594 2029 τούτοιποος,
1606 1961 1643 2014 et

598 2034 715 2101 deinde
728 2035 770 2099 ad
784 2035 840 2099 lin.
853 2049 885 2099 3.
911 2035 943 2098 τὸ
957 2034 1039 2113 ξύλον
1076 2057 1113 2099 ro
1125 2038 1157 2100 ri
1172 2033 1286 2123 dirigor,
1302 2035 1386 2099 sicut
1398 2034 1433 2099 in
1446 2034 1511 2098 eod.
1525 2032 1623 2099 Bodl.

643 2122 678 2186 P.
690 2134 739 2186 58.
755 2120 777 2185 l.
789 2127 819 2185 6.
841 2119 877 2185 dr
897 2121 944 2199 ἤδη
964 2146 1013 2183 ose
1031 2056 1150 2205 adem]
1168 2122 1267 2185 Hune
1281 2121 1429 2185 looumo
1454 2120 1534 2184 time
1549 2119 1642 2186 Rufi·

598 2229 659 2273 uus
686 2207 835 2294 exposuit
860 2206 924 2271 hoe
949 2146 1061 2271 modo.
1102 2206 1267 2271 Judieatus
1290 2216 1337 2270 est
1362 2220 1401 2291 ep
1466 2204 1642 2271 AEmiiinm

598 2292 782 2359 Frontinum
789 2291 1011 2358 Proconsnlerrt
1026 2291 1155 2379 Ephesi,
1167 2315 1228 2358 noa
1243 2304 1372 2378 propter
1385 2313 1495 2357 nomen
1510 2289 1642 2370 Christi,

598 2379 652 2444 sed
662 2390 790 2465 propter
805 2378 952 2467 qnoedarn
968 2378 1145 2442 latrocinia.
1171 2379 1256 2441 Nam
1270 2400 1290 2441 a
1308 2377 1425 2446 Christi
1439 2375 1643 2461 nominejam

599 2476 744 2551 apostata
757 2465 931 2531 exstiterat.
973 2463 1036 2528 Sed
1044 2462 1186 2548 posthaec
1198 2475 1233 2528 ut
1236 2461 1352 2550 fideles
1390 2461 1497 2527 uidam
1501 2461 1642 2548 fratres,

599 2551 655 2648 qni
673 2567 731 2636 per
752 2550 834 2614 iliad
855 2561 974 2634 tempas
996 2549 1081 2695 ιοριοᾱ
1092 2548 1234 2633 jadicem
1255 2484 1387 2634 aliquid
1401 2558 1560 2633 poterant,
1579 2562 1642 2633 pro

598 2650 666 2721 apso
680 2636 911 2712 intercederent,
926 2633 1005 2697 sirnn
1020 2633 1087 2697 avit
1104 2655 1136 2697 se
1145 2644 1274 2719 propter
1284 2656 1394 2698 nomen
1408 2633 1540 2698 Domini
1554 2632 1643 2698 Iado-

598 2742 681 2799 rare,
707 2732 740 2785 et
758 2734 817 2805 per
842 2718 898 2783 isos
919 2718 1102 2783 dimittitur.
1138 2718 1187 2784 At
1212 2718 1501 2806 christophorsoni
1525 2720 1643 2799 versio,

622 2806 741 2872 timum
766 2806 800 2870 in
826 2826 866 2869 eo
887 2817 1012 2892 peccat,
1036 2804 1125 2891 quod
1147 2803 1319 2894 οτοιραὲίιτην
1339 2803 1515 2892 maleficum
1536 2805 1643 2873 vertit.
1684 2850 1697 2871 .

597 2826 728 2958 iteinde
748 2891 783 2956 in
804 2913 845 2956 eo
865 2892 955 2977 quod
975 2889 1081 2978 ἐκρίθη,
1096 2891 1191 2956 vertit
1204 2893 1422 2957 condemnatus
1436 2902 1493 2957 est.
1514 2894 1643 2961 Vsus-

598 2999 701 3044 s1us.
745 2979 828 3042 Mox
842 2979 931 3040 ἐκεῖσε
945 2999 1004 3064 pro
1018 2980 1076 3041 ἐκεῖ
1089 2977 1166 3042 MS.
1181 2977 1322 3064 Norfnu
1597 3030 1611 3042 ..

602 3106 606 3112 -
645 3063 831 3129 Ibid.l.10.
854 3061 883 3126 ir
897 3068 911 3126 ὁ
925 3063 1068 3150 προφήτης
1082 3062 1158 3148 o.]i
1179 3069 1193 3127 d
1210 3065 1354 3151 προφήτης
1372 3063 1451 3128 suris
1471 3062 1645 3152 Bongarsii

599 3149 704 3215 Lertt.
718 3149 751 3214 in
765 3148 817 3214 ed.
834 3148 955 3214 Gener.
977 3161 1010 3214 et
1029 3149 1148 3237 Margo
1166 3149 1354 3234 exemplaris
1370 3149 1475 3214 Jones.
1495 3172 1571 3238 quae
1589 3160 1643 3217 ta-

599 3259 672 3302 nten
684 3235 728 3301 ibi
739 3233 856 3300 seruari
870 3233 904 3298 tn·
913 3234 1024 3321 optirni
1037 3236 1207 3322 propietae,
1217 3236 1273 3324 qui
1283 3236 1312 3301 ei
1315 3234 1538 3323 famulantur,
1550 3236 1644 3323 igno·

599 3332 685 3403 rant,
702 3322 793 3410 quasi
814 3320 931 3407 legerit
951 3319 971 3385 d
991 3327 1015 3386 oi
1034 3323 1177 3410 προφῆτοφ
1196 3328 1339 3410 ἀγνοοῦσι,
1360 3321 1466 3386 Rufin.
1510 3322 1645 3389 Omittit

599 3409 712 3474 iocum
727 3407 859 3493 Nioepir.
895 3409 1019 3477 Nostra
1032 3408 1129 3473 lectio
1144 3415 1160 3486 ἡ
1174 3414 1310 3493 προφῆτις
1324 3409 1359 3472 in
1374 3406 1644 3493 Christopltorsoni

602 3495 705 3559 Leott.
720 3506 818 3560 extat.
863 3493 1004 3579 Insignis
1021 3493 1094 3558 haee
1114 3515 1229 3558 vocum
1245 3500 1258 3557 ὁ
1272 3493 1415 3578 προφήτης
1428 3505 1463 3557 et
1475 3500 1490 3571 ἡ
1504 3500 1644 3580 προφῆτις

600 3578 798 3666 permutatio
807 3577 848 3642 ab
858 3578 1006 3642 itacismo
1015 3578 1231 3643 recentiorum
1240 3581 1429 3644 Graecorum
1439 3579 1556 3643 avitam
1565 3602 1644 3667 pro-

601 3664 841 3729 nunciationem
861 3665 1139 3750 corrumpentium
1159 3664 1328 3729 derivanda
1347 3676 1406 3743 est,
1421 3686 1496 3729 oum
1514 3676 1644 3731 utrum-

601 3772 666 3839 que
686 3748 846 3834 Propiritis
864 3748 1037 3835 legeretur.
1083 3751 1180 3814 Porro
1199 3749 1242 3815 ad
1261 3750 1377 3815 τοιόιτοι
1394 3750 1643 3837 intelligendum

600 3858 674 3902 esse·
700 3839 769 3921 effi
797 3833 921 3900 seilicet
951 3836 993 3899 ad
1021 3840 1117 3920 ἀγνοεῖ
1146 3841 1265 3900 τοιοῦτον
1295 3836 1361 3901 ὄντα
1389 3857 1447 3922 per
1477 3858 1511 3900 se
1539 3851 1645 3923 patet.

603 3924 774 3987 Srnorn.
796 3920 844 3985 At
857 3919 929 3986 vide
943 3920 983 3986 de
997 3920 1135 3986 lectione
1150 3923 1310 4007 ὁτροφήτιςς
1326 3935 1394 3986 not.
1411 3943 1507 4021 supra
1522 3922 1599 3988 adl.
1611 3941 1644 4005 9.

602 4028 635 4093 p.
647 4021 698 4083 57.
735 4007 819 4071 Mox
832 4011 908 4090 ἡμεῖς
923 4009 950 4089 δὲ
965 4008 996 4071 δι’
1011 4011 1084 4070 adr&
1097 4008 1175 4072 MS.
1188 4008 1330 4095 Norfoie.
1345 4006 1402 4072 sed
1417 4030 1524 4072 nunus
1538 4020 1628 4095 apte.

647 4091 732 4157 Ibid.
747 4093 770 4157 l.
788 4106 834 4156 12.
856 4100 904 4157 τοῦ
918 4119 948 4156 or
964 4093 1077 4177 opn'roo]
1093 4095 1206 4158 Lectio
1220 4101 1257 4158 τὲ
1272 4094 1404 4182 werpire
1418 4094 1446 4158 si
1461 4115 1533 4158 vera
1546 4107 1645 4175 essai,

602 4177 784 4243 Montanus
799 4177 866 4264 ipse
879 4119 1110 4266 inteiiigendus
1124 4193 1220 4271 esset.
1263 4181 1336 4246 Nos
1347 4201 1425 4244 vero
1440 4192 1477 4244 ut
1491 4195 1644 4246 constan-

602 4274 652 4328 tes
664 4262 877 4350 reperiremur
897 4277 931 4329 et
949 4265 1038 4329 hunc
1052 4265 1162 4330 locum
1176 4266 1381 4331 mutavimus.
1408 4265 1492 4330 Sine
1505 4265 1596 4330 dubio
1611 4276 1644 4330 et

600 4347 823 4435 prophetorum
838 4347 1016 4437 ignorantie
1031 4372 1100 4416 eum
1120 4350 1185 4436 ipso
1202 4351 1431 4438 pariterredar
1476 4351 1550 4415 itur.
1573 4352 1644 4416 Ru·

603 4435 659 4500 fin.
694 4436 817 4500 Nostra
831 4434 928 4500 lectio
941 4443 988 4514 τῆς
1002 4435 1168 4524 οτροφῆτιδος
1183 4436 1216 4502 in
1233 4436 1407 4521 Christoplt.
1472 4447 1528 4501 ott.
1543 4449 1643 4503 extet.

595 4521 775 4586 ,Srnorrn
810 4519 885 4585 Vid.
901 4544 955 4585 me
969 4544 1066 4609 supra
1079 4523 1121 4586 ad
1135 4522 1233 4602 lin.9.
1247 4534 1386 4610 pag.·57.
1514 4546 1528 4553 ·’
1585 4577 1587 4581 .

594 4659 599 4667 .
649 4605 732 4671 lbid.
746 4607 769 4670 1.
784 4620 830 4670 13.
852 4608 884 4671 τὸ
898 4609 925 4672 δὲ
941 4606 1043 4694 ὅμοιον]
1061 4609 1253 4674 Particulam
1268 4611 1298 4672 δὲ·
1306 4631 1351 4674 ex
1360 4606 1439 4696 MS.
1451 4605 1594 4694 Norfolc.
1608 4607 1644 4674 in

593 4691 912 4780 ‚textumxrecepi..:.
952 4718 1092 4756 .....·..
1139 4708 1391 4759 .·......··-.'„
1426 4743 1462 4754 ..
1518 4715 1521 4750 ·.
1583 4746 1587 4752 .
