4092 5675
499 743 564 833 ,γε
604 746 606 750 ’
838 742 1199 811 Auuorsrrouas

499 914 744 1003 presbyterium
773 909 867 1012 quale
892 916 1004 980 Romoe
1029 937 1064 980 se
1085 899 1280 982 contraxisse
1299 915 1346 980 ait
1367 915 1543 983 Cornelius

502 1002 672 1087 episcopus
685 1000 717 1063 in
731 1000 836 1084 Epist.
847 1001 889 1063 ud
902 1001 1105 1087 cyprianum,
1116 1001 1269 1087 quodque
1281 1001 1398 1067 eodem
1410 1003 1541 1068 nomine

501 1086 652 1173 appellat.
675 1085 738 1169 Ερ.
757 1086 830 1149 xlvi.
854 1086 894 1149 al.
909 1099 960 1163 49.
1003 1086 1097 1151 Noto
1119 1087 1234 1165 obiter,
1256 1110 1430 1174 nusquam,
1451 1088 1540 1174 quod

503 1172 615 1249 sciam,
629 1187 756 1235 sanctos
779 1185 884 1255 patres
903 1170 952 1235 his
972 1170 1084 1256 primis
1101 1171 1243 1238 ecclesie
1264 1172 1541 1243 saeculissecundi

503 1256 623 1330 ordinis
649 1255 829 1320 sacerdotes
853 1256 984 1320 nomine
1012 1256 1237 1342 episcoporum
1263 1256 1456 1343 appellasse,
1484 1257 1545 1323 nisi

502 1342 637 1406 forsitan
652 1340 686 1405 id
697 1341 807 1405 feeerit
822 1342 856 1405 S.
868 1341 958 1405 Pauli
972 1340 1149 1426 discipulus
1161 1341 1313 1407 Clemens
1327 1344 1495 1407 Romanus
1510 1343 1542 1408 in

505 1426 612 1576 Epist.
636 1425 678 1491 od
701 1425 884 1503 Corinthios,
900 1448 971 1512 cap.
986 1438 1036 1490 42.
1059 1426 1118 1490 ubi
1138 1426 1430 1493 accommodantur
1449 1430 1544 1494 verba

504 1534 524 1576 a
567 1513 677 1611 locum
699 1533 739 1576 ex
758 1513 836 1577 Vct.
856 1514 1063 1577 Testamento
1084 1511 1229 1578 allatum.
1275 1515 1313 1584 ln
1335 1514 1401 1577 alio
1422 1525 1543 1593 autem,

505 1595 1545 1783 eustathiiuastissimis?“stiffi

505 1768 643 1834 Judaica
657 1766 829 1832 contulisse
841 1791 852 1847 3
873 1766 963 1855 quod
982 1767 1107 1832 illustre
1121 1768 1352 1856 antiquissimae·
1366 1767 1544 1855 discrplinae

506 1853 736 1921 documentum
753 1864 812 1917 est.
1109 1909 1111 1914 .

551 1939 586 2001 P.
601 1949 670 2014 374.
685 1937 708 2000 l.
721 1950 751 2013 7.
781 1939 904 2022 καθαρὸν
924 1936 1017 2025 ὅςερον
1039 1942 1100 2024 ἶςᾷν
1120 1939 1152 2001 ri
1173 1935 1433 2023 biypoe'idoihero]
1457 1940 1545 2005 Loco

508 2020 605 2110 hujus
621 2022 786 2130 sententia
800 2022 864 2087 hoc
877 2023 987 2108 posuit
997 2022 1217 2110 Epiphanius,
1230 2022 1380 2111 ωαῤῥησῖᾳ
1393 2025 1489 2089 λοιπὸν
1501 2027 1545 2105 τὴν

508 2109 806 2259 ulelbibiilyiiuiii
827 2194 880 2257 υἱὸν
901 2191 1050 2278 παθόντα]
1074 2194 1160 2260 Quae
1183 2205 1362 2281 sequuntur
1383 2207 1461 2268 sunt
1482 2196 1546 2283 ipsa

506 2280 603 2345 verba
624 2277 785 2367 Symboli,
802 2278 898 2365 quale
919 2290 1008 2342 extat
1028 2278 1115 2364 apud
1137 2280 1296 2344 Irenaeum
1318 2279 1375 2343 lib.
1391 2280 1414 2345 i.
1433 2302 1505 2368 cap.
1517 2295 1545 2346 2.

506 2387 576 2451 seq.
591 2365 648 2429 lib.
660 2364 705 2429 iii.
720 2385 791 2450 cap.
802 2377 834 2428 4.
865 2362 1100 2428 Tertullianum
1117 2363 1242 2428 Contra
1262 2366 1416 2429 Praxeam
1433 2388 1504 2458 cap.
1517 2380 1546 2432 2.

510 2463 545 2515 et
558 2451 611 2515 De
625 2449 803 2537 Praescript.
817 2471 846 2515 c.
861 2462 909 2513 13.
924 2461 959 2514 et
971 2450 1025 2515 De
1038 2448 1227 2537 Virginibus
1241 2449 1396 2517 velandis
1409 2450 1546 2519 c.1.8rc.

426 2538 447 2610 .'
511 2536 737 2601 Flanrcrus.

555 2621 740 2685 Ibid.l.116.
764 2620 882 2700 ἐξέωσαν
902 2626 949 2698 τῆς
972 2622 1138 2707 ἐκκλησίας]
1153 2621 1302 2687 Νοὸῐιιω
1322 2619 1547 2690 damnatum&

509 2706 699 2792 Tranquillo
713 2705 867 2792 episcopo
881 2706 1175 2773 Chalcedoniorum
1188 2706 1301 2794 Syriae,
1312 2708 1426 2772 scribit
1440 2722 1549 2786 auctor

514 2790 733 2856 Praedestinati
754 2813 825 2878 cap.
842 2798 893 2856 36.
937 2792 1038 2881 Quod
1062 2805 1170 2865 autem
1198 2793 1231 2858 in
1257 2792 1425 2880 Synodico
1443 2794 1550 2861 libello

511 2898 609 3028 quem
632 2877 734 2940 edidit
754 2877 943 2964 Theologus
965 2879 1235 2944 celebratissimus
1255 2875 1562 2964 Argentoratensir,¹

534 2982 651 3026 oannes
682 2963 819 3048 Peppm,
847 2963 952 3049 capite
974 2986 1027 3042 xa,
1050 2964 1152 3051 leges,
1181 2964 1214 3028 in
1243 2963 1377 3052 Synodo
1408 2966 1551 3031 Romana

511 3044 699 3112 damnatum
721 3049 868 3113 Noe'tum
892 3070 912 3111 a
932 3050 1017 3135 Papa
1031 3049 1176 3127 Victore,
1189 3061 1373 3198 temporum
1388 3050 1475 3117 ratio
1488 3073 1563 3128 non¹

510 3132 642 3219 patitur.
678 3132 743 3197 Sed
758 3147 833 3197 sunt
848 3133 997 3220 quaedam
1012 3148 1046 3200 et
1060 3134 1123 3199 alia
1136 3134 1169 3198 in
1185 3134 1241 3198 illo
1281 3134 1424 3222 ynodico
1438 3158 1549 3224 parum

510 3231 660 3286 accurate
681 3218 808 3298 tradita,
829 3219 905 3284 licet
926 3220 1081 3306 scriptum
1103 3221 1211 3305 ipsum
1233 3219 1355 3306 alioqui
1375 3235 1426 3285 est
1448 3222 1550 3288 neuti-

512 3326 610 3390 quam
624 3303 907 3376 contemnendnm.
930 3308 1155 3371 Faunrcrus.
1193 3305 1304 3370 Simile
1314 3304 1490 3391 judicium,
1505 3296 1552 3374 vel

512 3390 619 3454 adhuc
637 3392 786 3468 severius,
802 3404 889 3455 recte
906 3392 987 3455 feras
1003 3391 1044 3454 de
1059 3405 1190 3456 auctore
1212 3390 1339 3454 alterius
1359 3391 1446 3471 libri,
1462 3395 1551 3458 Proe-

408 3549 411 3554 .
452 3485 455 3491 '
512 3475 661 3540 destinati
681 3476 844 3562 appellati,
860 3477 916 3563 qui
931 3476 971 3540 de
986 3476 1195 3563 scriptoribus
1215 3496 1345 3562 crepare
1360 3477 1457 3558 solet,
1471 3499 1551 3567 quos

514 3582 611 3625 nemo
624 3585 767 3648 unquam
783 3574 857 3625 ante
872 3562 1045 3627 audiverat.
1073 3562 1166 3648 Quis,
1180 3562 1318 3648 exempli
1331 3563 1448 3648 gratia,-
1462 3563 1551 3650 nobis

512 3647 679 3732 praestabit
699 3645 913 3731 Theophilum
937 3649 1123 3732 Apameum
1145 3649 1345 3733 episcopum,
1361 3648 1393 3711 in
1415 3669 1486 3736 cap.
1502 3663 1550 3729 39.

536 3731 602 3796 uod
623 3733 664 3796 de
686 3731 799 3796 haeresi
815 3731 1036 3820 Angelieerum
1057 3745 1117 3812 est,
1132 3735 1448 3798 commemoratum?
1487 3733 1552 3799 Hos

513 3753 547 3882 b
571 3818 580 3879 i
603 3817 713 3882 lanius
729 3818 803 3902 jam
828 3818 947 3882 omnino
974 3818 1120 3903 defecisse
1142 3828 1275 3882 testatur
1296 3816 1393 3882 victos
1414 3841 1436 3882 a
1459 3818 1551 3885 Tta-

510 3833 601 3986 piiii
613 3904 753 3988 Apamea
777 3902 921 3988 episeopo.
966 3904 1030 3967 Sed
1052 3904 1136 3967 enim
1161 3904 1202 3968 de
1217 3903 1405 3990 Theophilo
1425 3927 1467 3969 ue
1486 3925 1551 3970 ver·

463 4028 465 4032 ι
515 3988 594 4052 bum
613 3989 741 4076 quidem
765 3988 863 4052 habet
885 3988 1095 4075 Epiphanius,
1116 4002 1149 4052 et
1170 3990 1211 4053 de
1232 3990 1400 4074 Angelicis
1422 3990 1499 4076 ipsis
1519 4011 1550 4057 se

516 4072 595 4138 nihil
612 4074 744 4137 omnino
759 4086 875 4159 praeter
889 4097 1007 4139 nomen
1023 4074 1167 4160 ipsorum
1188 4075 1312 4138 novisse
1327 4074 1381 4152 ait,
1399 4075 1492 4140 Haer.
1508 4075 1549 4140 lx.

515 4179 548 4242 p.
561 4158 698 4243 5052ed.
716 4160 842 4223 Petavii.
888 4161 978 4224 Idem
999 4160 1121 4224 interea
1134 4159 1360 4224 Proedestincti
1381 4173 1496 4226 auctor
1514 4159 1551 4227 do

516 4242 671 4329 dogmate
688 4242 783 4328 hujus
798 4245 898 4309 Noeti
913 4245 982 4309 haec
998 4245 1074 4309 satis
1089 4258 1163 4331 apte
1177 4244 1296 4332 posuit.
1336 4245 1490 4324 Haeresir,
1503 4245 1550 4310 iu·

516 4328 597 4415 quit,
614 4327 769 4391 tricesimo
784 4339 814 4392 et
829 4341 918 4394 sexta
931 4330 1154 4394 Noetianorum
1176 4341 1233 4408 est,
1250 4330 1303 4416 quei
1324 4330 1431 4396 dicunt
1450 4330 1566 4411 Cirris·¹

518 4425 585 4478 tum
604 4412 732 4477 eundem
750 4434 812 4475 esse
834 4425 928 4502 atque
943 4419 1072 4484 Putrem
1093 4427 1124 4480 et
1147 4416 1299 4501 Spiritum
1321 4417 1483 4497 Sanctum,
1496 4437 1553 4491 nea

514 4514 571 4584 per
592 4496 810 4575 substantiam,
831 4499 910 4564 sicut
932 4524 997 4580 nos,
1010 4502 1069 4565 sed
1085 4518 1143 4586 per
1161 4517 1337 4586 pesonam,
1358 4511 1394 4564 ut
1411 4501 1551 4586 putative

517 4582 640 4648 dicatur
656 4583 791 4669 Spiritus
808 4585 951 4665 Sanctus,
966 4609 1026 4651 non
1041 4586 1202 4651 veraciter.
1242 4589 1317 4651 Hoc
1332 4586 1484 4653 nimirum
1498 4606 1550 4651 ne·

515 4681 641 4755 gentes,
657 4669 812 4758 Spiritum
828 4672 861 4736 S.
878 4671 1116 4738 subsistentiam
1136 4673 1255 4739 habere
1268 4672 1444 4761 propriam.
1489 4674 1550 4738 lta·
