4092 5675
524 789 815 860 mammam
831 768 1326 861 susannamsrmtu.
1382 811 1444 883 225

400 963 529 1028 fectum
550 964 653 1030 totius
675 964 828 1029 Idumaeae
850 963 1029 1030 constituit.
1074 966 1261 1054 Primusque
1280 966 1333 1032 hic
1347 968 1444 1033 Anti·

400 1064 495 1137 pater
508 1066 624 1116 auctor
637 1051 735 1115 fuisse
754 1051 879 1116 videtur
900 1050 996 1138 hujus
1019 1052 1182 1137 potentiae,
1198 1054 1239 1118 ad
1255 1075 1352 1140 quam
1411 1075 1444 1118 s·

387 1135 463 1200 ¹teri
476 1135 580 1224 ipsius
595 1151 708 1223 postea
722 1152 944 1223 pervenerunt.
974 1139 1061 1201 Nam
1078 1151 1111 1201 et
1125 1140 1348 1224 praefecturam
1365 1075 1444 1204 lda-

401 1245 496 1286 maeae
512 1223 615 1308 gessit
628 1223 814 1287 Alexandro
828 1237 862 1287 et
876 1223 1058 1287 Alexandra
1072 1225 1279 1309 regnantibus
1291 1251 1301 1306 ;
1318 1238 1351 1289 et
1365 1225 1444 1289 hos-

400 1308 484 1394 pitio
498 1325 598 1395 atque
611 1309 753 1374 amicitia
769 1331 844 1373 cum
860 1308 1055 1372 Ascalonitis
1069 1324 1102 1373 et
1119 1311 1245 1374 Gazaeis
1269 1325 1303 1375 et
1324 1311 1445 1375 Arabi-

400 1394 464 1457 bus
478 1393 572 1473 inita,
585 1397 740 1459 maximas
756 1396 817 1459 sibi
830 1395 1130 1481 opescomparavit.
1144 1397 1352 1462 Vaasstus.
1384 1399 1445 1462 Iti·

401 1479 476 1550 dem
501 1480 709 1545 doctissimus
733 1481 937 1544 Prideauxius
959 1482 992 1543 in
1016 1480 1103 1544 Hist.
1123 1482 1189 1546 Vct.
1212 1493 1243 1546 et
1264 1482 1343 1547 Noa
1360 1483 1444 1551 Test.

403 1567 564 1643 connexa,
582 1567 642 1630 &c
657 1582 739 1652 part.
753 1568 785 1630 ii.
801 1568 857 1630 lib.
872 1574 902 1630 o'.
925 1589 997 1630 cum
1015 1565 1193 1651 Josephum
1216 1580 1368 1656 tanquam
1391 1591 1444 1631 re·

401 1673 475 1716 rum
500 1651 617 1716 harum
645 1669 811 1738 gestarum
837 1653 1083 1716 scientissimum
1110 1652 1201 1716 malit
1225 1656 1324 1740 sequi,
1346 1654 1445 1718 Anti·
1511 1675 1518 1684 ⁸

401 1750 496 1823 patro
520 1738 661 1802 Herodis
679 1741 730 1802 M.
745 1740 869 1824 parenti
892 1752 1013 1824 patrem
1033 1738 1088 1802 dat
1102 1741 1330 1823 cognominem
1348 1741 1444 1804 Anti-

401 1837 531 1910 patrum
548 1838 647 1909 gente
662 1825 854 1888 ldumaeum.
877 1827 931 1902 Et,
944 1839 980 1887 ut
995 1824 1224 1888 Casaubonum
1239 1826 1270 1888 in
1285 1826 1443 1891 Exercitt.

402 1909 444 1974 ad
463 1911 639 1973 Berenicae
660 1912 821 1988 omittam,
844 1911 957 1974 videsis
980 1910 1179 1995 Scaligerum
1204 1913 1445 1998 Prolegomenis

401 1995 434 2059 in
447 1994 581 2060 Eusebii
597 1996 708 2059 Cliton.
725 1997 782 2060 fol.
793 2011 823 2060 4.
838 2011 871 2060 et
886 2012 915 2060 5.
929 2011 1042 2059 contra
1059 1996 1246 2060 Africanum
1265 1998 1325 2061 hac
1347 1998 1387 2061 de
1409 2020 1445 2061 re

401 2079 624 2158 disserentem,
645 2082 723 2145 dum
746 2082 853 2169 ipsum
878 2105 917 2146 ex
941 2082 1131 2167 Hegesippo
1155 2083 1225 2146 lraec
1248 2084 1288 2146 dc
1311 2082 1445 2148 Herode

401 2168 578 2268 sumpsisse
592 2182 711 2247 censet,
726 2169 803 2254 quia
821 2182 967 2233 auctores
989 2168 1131 2231 historiae
1151 2169 1264 2233 fecerit
1287 2183 1445 2254 cognatos

401 2251 538 2331 chnsti,
554 2276 637 2340 quos
653 2254 739 2317 solus
761 2254 816 2317 ille
840 2255 1046 2339 Hegesippus
1062 2258 1263 2317 memorarat.
1310 2258 1351 2318 Et
1366 2256 1446 2341 Epi-

400 2339 512 2426 pbsnii
526 2340 660 2425 quidem
675 2340 777 2419 locus,
792 2363 888 2427 quem
910 2341 991 2402 infra
1009 2338 1158 2403 indicabo
1172 2341 1212 2403 ad
1229 2362 1261 2425 p.
1274 2355 1342 2403 232.
1363 2363 1446 2404 non-

400 2425 483 2489 nibil
498 2425 566 2488 huc
581 2425 686 2490 facere
699 2426 834 2490 videtur.
870 2425 934 2490 Sed
949 2424 1009 2487 hac
1024 2437 1132 2487 tamen
1147 2425 1187 2487 de
1199 2427 1283 2489 reali
1309 2440 1445 2490 uatenus

390 2510 553 2576 --dubitare
575 2510 661 2589 licet,
676 2511 753 2597 quia
766 2511 847 2575 adeo
864 2512 1023 2596 potuisset
1038 2510 1196 2574 Eusebius
1211 2449 1445 2578 conddiationis

400 2596 671 2684 evangelistarum
686 2597 785 2661 alium
801 2612 955 2683 praeterea
970 2610 1085 2661 testem
1104 2595 1261 2661 adducere
1281 2600 1447 2684 Hegesip-

359 2717 362 2722 ·
402 2703 494 2768 prim,
509 2704 651 2769 eumque
665 2683 820 2747 Africano
843 2684 1069 2769 antiquiorem.
1115 2682 1224 2746 Adisis
1245 2683 1448 2785 illant'pagi·

403 2789 489 2832 nam.
521 2767 689 2833 Caeterum
706 2769 837 2856 plenum
853 2769 919 2833 odii
933 2781 1029 2855 atque
1044 2767 1168 2832 invidiae
1183 2770 1291 2848 luisse,
1304 2781 1343 2833 u't
1358 2793 1448 2856 quis·

398 2876 501 2919 -uam
527 2856 650 2921 natales
675 2878 750 2921 suos
778 2870 894 2941 praeter
919 2870 1050 2938 caeteras
1081 2856 1224 2920 nationes
1248 2856 1446 2922 Ascalonitis

445 2941 546 3021 beret,
573 2943 669 3006 verba
694 2942 829 3027 suadent
855 2941 996 3005 Philonis
1020 2941 1129 3006 Judaei
1153 2942 1186 3005 in
1212 2943 1383 3030 legatione
1404 2944 1448 3008 nd

415 3026 527 3092 Colum.
556 3028 780 3101 Ἀσκαλωνίταις
798 3029 826 3090 δὲ
845 3026 1007 3109 ἀσῦμὸατὸς
1022 3053 1064 3102 τις
1079 3029 1126 3091 καὶ
1141 3028 1364 3104 ἄκατίιλλακτος
1377 3031 1447 3093 δυσ·

417 3111 496 3192 μέιια
509 3115 583 3202 πρὸς
596 3116 658 3188 τοὺς
674 3119 721 3189 τῆς
735 3119 806 3200 ἱερᾶς
817 3112 916 3200 χώρας
932 3114 1072 3197 οἰκήτορας
1091 3113 1213 3187 ’ludulae
1228 3116 1283 3186 ἐςὶν
1298 3112 1361 3178 ἕσιν
1377 3114 1446 3197 ὁμό-

414 3222 472 3281 pur.
493 3220 525 3286 p.
541 3211 612 3276 702.
628 3199 679 3263 ed.
695 3199 847 3264 Tumebi.

455 3285 487 3348 P.
503 3301 568 3351 121.
582 3285 606 3350 l.
618 3293 648 3350 6.
673 3283 811 3384 ῖεροῧέλε]
831 3285 965 3349 Rufinus
979 3297 1012 3349 et
1030 3283 1344 3369 Christophorsonus
1362 3284 1445 3349 cedi-

428 3376 479 3435 ta'cs
491 3364 627 3451 vertunt,
642 3371 723 3453 (scil.
738 3371 863 3461 adpcap.
876 3377 906 3433 6.
922 3370 1053 3434 Eusebii
1075 3370 1219 3455 proxime
1241 3370 1446 3451 antecedens,

428 3466 453 3517 et
465 3456 605 3523 similiter
619 3458 683 3521 hoc
699 3479 827 3557 quoque
849 3456 935 3534 loce,
952 3456 997 3519 ibi
1010 3477 1083 3519 vero
1098 3455 1242 3520 Africani
1258 3455 1391 3520 historia
1404 3457 1446 3521 de

359 3558 388 3629 f.
430 3536 547 3607 Herodis
582 3558 674 3630 patre
704 3544 877 3629 Antipatro
906 3542 1079 3623 breviatur)
1112 3542 1199 3628 quod
1232 3562 1297 3605 non
1331 3543 1447 3627 probo.

431 3620 498 3690 Nam
517 3629 657 3715 iepo‘lruaor
681 3642 755 3693 sunt
777 3630 856 3692 servi
878 3627 1085 3714 templorum.
1130 3629 1234 3693 Varro
1262 3628 1293 3690 in
1315 3627 1372 3691 lib.
1392 3629 1445 3693 vii.

359 3736 362 3750 ·
432 3705 462 3771 de
474 3711 577 3800 lingua
596 3715 722 3795 Latina,
737 3726 773 3778 at
789 3714 980 3794 societatum,
995 3724 1033 3777 ut
1042 3713 1197 3800 funerum
1216 3714 1307 3777 servi.
1351 3713 1447 3779 Tales

359 3822 362 3835 ’
432 3808 501 3864 eunt
518 3802 655 3867 Venerei
680 3801 713 3864 in
738 3801 856 3878 Sicilia,
882 3800 962 3863 servi
989 3800 1102 3887 templi
1124 3798 1259 3864 Veneris
1284 3799 1446 3886 Erycinae,

359 3907 362 3920 ’
433 3873 579 3968 dequibus
595 3886 711 3951 Cicero
732 3887 765 3950 in
783 3886 999 3963 Divinatione,
1017 3899 1051 3950 et
1069 3885 1101 3949 in
1117 3899 1147 3949 3.
1160 3885 1306 3949 Verrina.
1350 3884 1446 3950 Tales

432 3962 505 4032 etlam
527 3974 611 4060 apud
636 3974 856 4037 Larentinates
881 3973 961 4036 servi
985 3970 1153 4035 Martiales
1180 3985 1262 4035 teste
1289 3970 1446 4035 Cicerone

359 4070 361 4083 '
427 4062 478 4128 Pro
493 4056 653 4124 Cluentio.
697 4057 896 4145 Hujusmodi
919 4058 996 4121 item
1018 4059 1111 4120 erant
1125 4055 1275 4120 Corinthi
1290 4058 1446 4122 Venereae

433 4144 601 4221 meretrices,
615 4168 695 4232 quas
718 4143 856 4230 ῖεροὸέλες
874 4158 967 4207 vocat
989 4143 1106 4207 Strabo
1128 4142 1161 4204 in
1182 4142 1239 4206 lib.
1254 4141 1317 4205 viii.
1334 4166 1406 4230 quae
1427 4166 1447 4207 a

434 4212 545 4295 dominis
566 4231 687 4296 Veneri
708 4243 798 4294 erant
819 4230 1020 4315 mancipatae.
1065 4228 1216 4315 Denique
1237 4239 1268 4290 et
1290 4227 1446 4293 Comanis

434 4297 549 4398 Bellona
569 4317 650 4382 servi
668 4328 759 4381 erant
773 4339 868 4402 quam
889 4315 1030 4400 plurimi,
1045 4327 1127 4377 teste
1149 4313 1263 4376 eodem
1288 4315 1446 4380 Strabone

433 4404 459 4450 ¹¹¹
468 4391 513 4464 lib.
526 4403 578 4467 xii.
622 4403 780 4466 Firmicus
795 4422 924 4489 quoque
938 4401 970 4463 in
985 4399 1069 4464 libro
1084 4400 1147 4462 viii.
1162 4399 1362 4477 Matheseos,
1378 4400 1445 4462 hie-

433 4476 538 4569 1¹⁰(lulos
554 4488 726 4574 distinguit
745 4488 786 4551 ab
806 4487 943 4550 aedituis.
989 4484 1088 4548 Porro
1109 4498 1147 4549 ut
1169 4486 1259 4562 servi,
1280 4485 1325 4546 sic
1346 4485 1442 4546 etiam

433 4552 516 4635 libeni
527 4574 677 4638 fanorum
691 4590 793 4651 erant,
808 4574 863 4658 qui
877 4571 1013 4656 pecunia
1025 4571 1205 4634 libertatem
1230 4570 1289 4632 sibi
1311 4590 1444 4653 compa-

432 4658 559 4724 raterant.
603 4662 713 4749 Quare
731 4671 765 4723 et
783 4657 897 4725 liberta
910 4656 1044 4722 Veneris
1059 4658 1206 4744 Erycinae
1223 4654 1371 4718 dicitura
1387 4653 1445 4716 Ci-

464 4752 539 4811 tor..
554 4766 599 4811 11.
937 4764 960 4806 a
