<?xml version="1.0" encoding="UTF-8"?>
<!DOCTYPE html PUBLIC "-//W3C//DTD XHTML 1.0 Transitional//EN"
    "http://www.w3.org/TR/xhtml1/DTD/xhtml1-transitional.dtd">
<html xmlns="http://www.w3.org/1999/xhtml" xml:lang="en" lang="en">
 <head>
  <title>
</title>
<meta http-equiv="Content-Type" content="text/html;charset=utf-8" />
  <meta name='ocr-system' content='tesseract 3.04.00' />
  <meta name='ocr-capabilities' content='ocr_page ocr_carea ocr_par ocr_line ocrx_word'/>
</head>
<body>
  <div class='ocr_page' id='page_1' title='image "./reliquiaesacrae09routgoog_0206.png"; bbox 0 0 4092 5675; ppageno 0'>
   <div class='ocr_carea' id='block_1_1' title="bbox 515 753 1208 844">
    <p class='ocr_par' dir='ltr' id='par_1_1' title="bbox 515 753 1208 844">
     <span class='ocr_line' id='line_1_1' title="bbox 515 753 1208 844; baseline -0.009 -12"><span class='ocrx_word' id='word_1_1' title='bbox 515 763 593 844; x_wconf 71' lang='lat'>204·</span> <span class='ocrx_word' id='word_1_2' title='bbox 848 753 1208 827; x_wconf 77' lang='lat' dir='ltr'>suuomuouus</span> 
     </span>
    </p>
   </div>
   <div class='ocr_carea' id='block_1_2' title="bbox 512 929 1547 1168">
    <p class='ocr_par' dir='ltr' id='par_1_2' title="bbox 512 929 1547 1168">
     <span class='ocr_line' id='line_1_2' title="bbox 513 929 1547 1087; baseline 0.006 -90"><span class='ocrx_word' id='word_1_3' title='bbox 513 942 584 997; x_wconf 88' lang='lat' dir='ltr'>tum</span> <span class='ocrx_word' id='word_1_4' title='bbox 598 951 672 998; x_wconf 87' lang='lat' dir='ltr'>vero</span> <span class='ocrx_word' id='word_1_5' title='bbox 684 929 873 1017; x_wconf 82' lang='lat' dir='ltr'><strong>particulam</strong></span> <span class='ocrx_word' id='word_1_6' title='bbox 888 933 916 995; x_wconf 79' lang='grc' dir='ltr'>δὲ</span> <span class='ocrx_word' id='word_1_7' title='bbox 932 942 1009 1017; x_wconf 91' lang='lat' dir='ltr'>post</span> <span class='ocrx_word' id='word_1_8' title='bbox 1022 952 1134 996; x_wconf 90' lang='lat' dir='ltr'>vooem</span> <span class='ocrx_word' id='word_1_9' title='bbox 1149 929 1302 1029; x_wconf 71' lang='grc' dir='ltr'><strong><em>οεοοτομοοῖν</em></strong></span> <span class='ocrx_word' id='word_1_10' title='bbox 1316 929 1449 1015; x_wconf 87' lang='lat' dir='ltr'>omittit,</span> <span class='ocrx_word' id='word_1_11' title='bbox 1453 956 1547 1087; x_wconf 56' lang='lat' dir='ltr'>fluo·</span> 
     </span>
     <span class='ocr_line' id='line_1_3' title="bbox 512 1016 1546 1168; baseline 0.007 -87"><span class='ocrx_word' id='word_1_12' title='bbox 512 1017 814 1168; x_wconf 51' lang='lat' dir='ltr'>ppuprpnonsentiunt</span> <span class='ocrx_word' id='word_1_13' title='bbox 833 1016 964 1082; x_wconf 81' lang='lat' dir='ltr'>Heruetl</span> <span class='ocrx_word' id='word_1_14' title='bbox 981 1017 1082 1084; x_wconf 80' lang='lat' dir='ltr'>Verrio</span> <span class='ocrx_word' id='word_1_15' title='bbox 1097 1020 1190 1083; x_wconf 76' lang='lat' dir='ltr'>Prtor</span> <span class='ocrx_word' id='word_1_16' title='bbox 1210 1033 1308 1105; x_wconf 87' lang='lat' dir='ltr'>atque</span> <span class='ocrx_word' id='word_1_17' title='bbox 1329 1020 1432 1085; x_wconf 85' lang='lat' dir='ltr'><strong><em>MSS.</em></strong></span> <span class='ocrx_word' id='word_1_18' title='bbox 1486 1021 1546 1088; x_wconf 67' lang='lat' dir='ltr'>ool.</span> 
     </span>
    </p>
   </div>
   <div class='ocr_carea' id='block_1_3' title="bbox 511 1187 1546 1462">
    <p class='ocr_par' dir='ltr' id='par_1_3' title="bbox 511 1187 1546 1462">
     <span class='ocr_line' id='line_1_4' title="bbox 557 1187 1546 1275; baseline 0.007 -24"><span class='ocrx_word' id='word_1_19' title='bbox 557 1189 591 1252; x_wconf 91' lang='lat' dir='ltr'>P.</span> <span class='ocrx_word' id='word_1_20' title='bbox 610 1202 677 1251; x_wconf 83' lang='lat'>112.</span> <span class='ocrx_word' id='word_1_21' title='bbox 698 1187 766 1253; x_wconf 84' lang='lat' dir='ltr'>l.1.</span> <span class='ocrx_word' id='word_1_22' title='bbox 788 1195 901 1275; x_wconf 67' lang='grc' dir='ltr'><strong><em>πρῶτον</em></strong></span> <span class='ocrx_word' id='word_1_23' title='bbox 924 1187 964 1252; x_wconf 76' lang='grc' dir='ltr'>ὅτι</span> <span class='ocrx_word' id='word_1_24' title='bbox 986 1190 1107 1273; x_wconf 74' lang='grc' dir='ltr'>Δανιὴλ]</span> <span class='ocrx_word' id='word_1_25' title='bbox 1133 1187 1270 1254; x_wconf 87' lang='lat' dir='ltr'><strong>Addidit</strong></span> <span class='ocrx_word' id='word_1_26' title='bbox 1290 1188 1421 1275; x_wconf 87' lang='lat' dir='ltr'>quidem</span> <span class='ocrx_word' id='word_1_27' title='bbox 1442 1192 1546 1258; x_wconf 85' lang='lat' dir='ltr'>Dela·</span> 
     </span>
     <span class='ocr_line' id='line_1_5' title="bbox 511 1273 1545 1361; baseline 0.005 -23"><span class='ocrx_word' id='word_1_28' title='bbox 511 1295 618 1339; x_wconf 84' lang='lat' dir='ltr'>ruaeus</span> <span class='ocrx_word' id='word_1_29' title='bbox 642 1286 717 1360; x_wconf 92' lang='lat' dir='ltr'>post</span> <span class='ocrx_word' id='word_1_30' title='bbox 740 1282 852 1361; x_wconf 69' lang='grc' dir='ltr'><strong><em>πρῶτον</em></strong></span> <span class='ocrx_word' id='word_1_31' title='bbox 875 1274 1064 1361; x_wconf 84' lang='lat' dir='ltr'><strong>particulam</strong></span> <span class='ocrx_word' id='word_1_32' title='bbox 1086 1273 1140 1354; x_wconf 83' lang='grc' dir='ltr'><strong><em>οὖν,</em></strong></span> <span class='ocrx_word' id='word_1_33' title='bbox 1161 1276 1296 1339; x_wconf 87' lang='lat' dir='ltr'>fortasse</span> <span class='ocrx_word' id='word_1_34' title='bbox 1317 1297 1358 1340; x_wconf 87' lang='lat' dir='ltr'>ex</span> <span class='ocrx_word' id='word_1_35' title='bbox 1378 1277 1545 1353; x_wconf 75' lang='lat' dir='ltr'>codicibus</span> 
     </span>
     <span class='ocr_line' id='line_1_6' title="bbox 512 1357 1545 1462; baseline 0.007 -39"><span class='ocrx_word' id='word_1_36' title='bbox 512 1360 590 1439; x_wconf 88' lang='lat' dir='ltr'>suis,</span> <span class='ocrx_word' id='word_1_37' title='bbox 615 1359 671 1423; x_wconf 88' lang='lat' dir='ltr'>sed</span> <span class='ocrx_word' id='word_1_38' title='bbox 696 1360 803 1424; x_wconf 88' lang='lat' dir='ltr'>caeteri</span> <span class='ocrx_word' id='word_1_39' title='bbox 826 1382 896 1425; x_wconf 84' lang='lat' dir='ltr'>eam</span> <span class='ocrx_word' id='word_1_40' title='bbox 922 1372 1086 1446; x_wconf 91' lang='lat' dir='ltr'>respuunt.</span> <span class='ocrx_word' id='word_1_41' title='bbox 1129 1362 1202 1447; x_wconf 85' lang='lat' dir='ltr'>Ego</span> <span class='ocrx_word' id='word_1_42' title='bbox 1224 1361 1344 1425; x_wconf 89' lang='lat' dir='ltr'>interea</span> <span class='ocrx_word' id='word_1_43' title='bbox 1369 1357 1545 1462; x_wconf 71' lang='lat' dir='ltr'>legendum</span> 
     </span>
    </p>
   </div>
   <div class='ocr_carea' id='block_1_4' title="bbox 434 1444 1583 4780">
    <p class='ocr_par' dir='ltr' id='par_1_4' title="bbox 434 1444 1583 4780">
     <span class='ocr_line' id='line_1_7' title="bbox 511 1444 1545 1533; baseline 0.007 -24"><span class='ocrx_word' id='word_1_44' title='bbox 511 1456 591 1531; x_wconf 92' lang='lat' dir='ltr'>puto</span> <span class='ocrx_word' id='word_1_45' title='bbox 612 1453 723 1533; x_wconf 69' lang='grc' dir='ltr'><strong><em>πρῶτον</em></strong></span> <span class='ocrx_word' id='word_1_46' title='bbox 745 1444 814 1531; x_wconf 76' lang='grc' dir='ltr'>ὅγε</span> <span class='ocrx_word' id='word_1_47' title='bbox 835 1449 954 1525; x_wconf 72' lang='grc' dir='ltr'>Δανιὴλ,</span> <span class='ocrx_word' id='word_1_48' title='bbox 969 1467 1043 1510; x_wconf 91' lang='lat' dir='ltr'>cum</span> <span class='ocrx_word' id='word_1_49' title='bbox 1065 1444 1181 1510; x_wconf 90' lang='lat' dir='ltr'>melius</span> <span class='ocrx_word' id='word_1_50' title='bbox 1203 1444 1266 1510; x_wconf 91' lang='lat' dir='ltr'>hoc</span> <span class='ocrx_word' id='word_1_51' title='bbox 1287 1468 1455 1513; x_wconf 87' lang='lat' dir='ltr'>convemre</span> <span class='ocrx_word' id='word_1_52' title='bbox 1470 1471 1545 1516; x_wconf 84' lang='lat' dir='ltr'>cum</span> 
     </span>
     <span class='ocr_line' id='line_1_8' title="bbox 510 1530 1546 1617; baseline 0.009 -24"><span class='ocrx_word' id='word_1_53' title='bbox 510 1531 726 1617; x_wconf 89' lang='lat' dir='ltr'>superioribus</span> <span class='ocrx_word' id='word_1_54' title='bbox 749 1530 902 1611; x_wconf 89' lang='lat' dir='ltr'>videatur,</span> <span class='ocrx_word' id='word_1_55' title='bbox 922 1553 1027 1617; x_wconf 90' lang='lat' dir='ltr'>neque</span> <span class='ocrx_word' id='word_1_56' title='bbox 1050 1542 1205 1617; x_wconf 84' lang='lat' dir='ltr'>agnoscat</span> <span class='ocrx_word' id='word_1_57' title='bbox 1219 1532 1282 1595; x_wconf 81' lang='lat' dir='ltr'>Leo</span> <span class='ocrx_word' id='word_1_58' title='bbox 1306 1531 1448 1598; x_wconf 79' lang='lat' dir='ltr'>Castrius</span> <span class='ocrx_word' id='word_1_59' title='bbox 1463 1533 1546 1602; x_wconf 89' lang='lat' dir='ltr'>illud</span> 
     </span>
     <span class='ocr_line' id='line_1_9' title="bbox 510 1614 1204 1716; baseline -0.001 -36"><span class='ocrx_word' id='word_1_60' title='bbox 510 1614 563 1695; x_wconf 76' lang='lat' dir='ltr'>lu,</span> <span class='ocrx_word' id='word_1_61' title='bbox 578 1615 634 1716; x_wconf 78' lang='lat' dir='ltr'>qui</span> <span class='ocrx_word' id='word_1_62' title='bbox 649 1616 752 1695; x_wconf 89' lang='lat' dir='ltr'>vertit,</span> <span class='ocrx_word' id='word_1_63' title='bbox 767 1616 910 1681; x_wconf 82' lang='lat' dir='ltr'>Primum</span> <span class='ocrx_word' id='word_1_64' title='bbox 924 1615 1061 1681; x_wconf 81' lang='lat' dir='ltr'>omnium</span> <span class='ocrx_word' id='word_1_65' title='bbox 1075 1616 1204 1682; x_wconf 82' lang='lat' dir='ltr'><em>Daniel.</em></span> 
     </span>
     <span class='ocr_line' id='line_1_10' title="bbox 553 1701 1545 1803; baseline 0.005 -38"><span class='ocrx_word' id='word_1_66' title='bbox 553 1701 638 1766; x_wconf 82' lang='lat' dir='ltr'>lbrd.</span> <span class='ocrx_word' id='word_1_67' title='bbox 661 1702 684 1767; x_wconf 94' lang='lat' dir='ltr'>l.</span> <span class='ocrx_word' id='word_1_68' title='bbox 697 1714 728 1766; x_wconf 87' lang='grc'>4.</span> <span class='ocrx_word' id='word_1_69' title='bbox 743 1705 809 1766; x_wconf 75' lang='grc' dir='ltr'>ἀλλ’</span> <span class='ocrx_word' id='word_1_70' title='bbox 825 1704 862 1766; x_wconf 68' lang='grc' dir='ltr'>ἐκ</span> <span class='ocrx_word' id='word_1_71' title='bbox 877 1702 1000 1803; x_wconf 69' lang='grc' dir='ltr'><strong><em>ἔποπνοῖμ</em></strong></span> <span class='ocrx_word' id='word_1_72' title='bbox 1012 1702 1187 1789; x_wconf 74' lang='grc' dir='ltr'><strong><em>ωροφητοκῇ]</em></strong></span> <span class='ocrx_word' id='word_1_73' title='bbox 1203 1703 1255 1766; x_wconf 84' lang='lat' dir='ltr'>lta</span> <span class='ocrx_word' id='word_1_74' title='bbox 1268 1723 1341 1767; x_wconf 88' lang='lat' dir='ltr'>cum</span> <span class='ocrx_word' id='word_1_75' title='bbox 1357 1702 1545 1780; x_wconf 67' lang='lat' dir='ltr'>inferiorem</span> 
     </span>
     <span class='ocr_line' id='line_1_11' title="bbox 533 1786 1544 1877; baseline 0.005 -26"><span class='ocrx_word' id='word_1_76' title='bbox 533 1810 568 1852; x_wconf 90' lang='lat' dir='ltr'>ro</span> <span class='ocrx_word' id='word_1_77' title='bbox 592 1786 687 1852; x_wconf 89' lang='lat' dir='ltr'>hetiae</span> <span class='ocrx_word' id='word_1_78' title='bbox 708 1788 845 1874; x_wconf 86' lang='lat' dir='ltr'>gradum</span> <span class='ocrx_word' id='word_1_79' title='bbox 865 1786 995 1853; x_wconf 77' lang='lat' dir='ltr'>Danieli</span> <span class='ocrx_word' id='word_1_80' title='bbox 1014 1789 1193 1853; x_wconf 86' lang='lat' dir='ltr'>tribuerent</span> <span class='ocrx_word' id='word_1_81' title='bbox 1206 1788 1397 1854; x_wconf 84' lang='lat' dir='ltr'>recentiores</span> <span class='ocrx_word' id='word_1_82' title='bbox 1412 1789 1544 1877; x_wconf 75' lang='lat' dir='ltr'>quidem</span> 
     </span>
     <span class='ocr_line' id='line_1_12' title="bbox 507 1808 1544 1963; baseline 0.005 -26"><span class='ocrx_word' id='word_1_83' title='bbox 507 1808 552 1937; x_wconf 72' lang='lat' dir='ltr'>lu</span> <span class='ocrx_word' id='word_1_84' title='bbox 576 1871 626 1950; x_wconf 86' lang='lat' dir='ltr'>aei,</span> <span class='ocrx_word' id='word_1_85' title='bbox 640 1873 759 1958; x_wconf 85' lang='lat' dir='ltr'>scripta</span> <span class='ocrx_word' id='word_1_86' title='bbox 779 1872 850 1960; x_wconf 87' lang='lat' dir='ltr'>ejus</span> <span class='ocrx_word' id='word_1_87' title='bbox 872 1874 968 1939; x_wconf 90' lang='lat' dir='ltr'>tertio</span> <span class='ocrx_word' id='word_1_88' title='bbox 989 1874 1095 1938; x_wconf 90' lang='lat' dir='ltr'>ordini</span> <span class='ocrx_word' id='word_1_89' title='bbox 1112 1874 1287 1939; x_wconf 84' lang='lat' dir='ltr'>divinarum</span> <span class='ocrx_word' id='word_1_90' title='bbox 1303 1874 1544 1963; x_wconf 87' lang='lat' dir='ltr'>scripturarum,</span> 
     </span>
     <span class='ocr_line' id='line_1_13' title="bbox 507 1957 1234 2045; baseline 0.001 -23"><span class='ocrx_word' id='word_1_91' title='bbox 507 1957 572 2022; x_wconf 86' lang='lat' dir='ltr'>sive</span> <span class='ocrx_word' id='word_1_92' title='bbox 588 1958 623 2021; x_wconf 91' lang='lat' dir='ltr'>H</span> <span class='ocrx_word' id='word_1_93' title='bbox 667 1958 841 2045; x_wconf 83' lang='lat' dir='ltr'>&#39;ographis,</span> <span class='ocrx_word' id='word_1_94' title='bbox 856 1958 1034 2023; x_wconf 80' lang='lat' dir='ltr'>adscribere</span> <span class='ocrx_word' id='word_1_95' title='bbox 1049 1958 1135 2024; x_wconf 87' lang='lat' dir='ltr'>soliti</span> <span class='ocrx_word' id='word_1_96' title='bbox 1149 1973 1234 2024; x_wconf 91' lang='lat' dir='ltr'>sunt.</span> 
     </span>
     <span class='ocr_line' id='line_1_14' title="bbox 552 1979 1546 2133; baseline 0.004 -26"><span class='ocrx_word' id='word_1_97' title='bbox 552 1979 677 2108; x_wconf 56' lang='lat' dir='ltr'>lbidiii</span> <span class='ocrx_word' id='word_1_98' title='bbox 688 2050 719 2108; x_wconf 84' lang='lat'>6.</span> <span class='ocrx_word' id='word_1_99' title='bbox 740 2043 903 2120; x_wconf 81' lang='grc' dir='ltr'><strong><em>Φολοςῖοονος</em></strong></span> <span class='ocrx_word' id='word_1_100' title='bbox 915 2046 1012 2129; x_wconf 78' lang='grc' dir='ltr'><strong><em>μῖμος]</em></strong></span> <span class='ocrx_word' id='word_1_101' title='bbox 1031 2044 1181 2109; x_wconf 82' lang='lat' dir='ltr'>Genuiua</span> <span class='ocrx_word' id='word_1_102' title='bbox 1195 2058 1282 2110; x_wconf 84' lang='lat' dir='ltr'>certe</span> <span class='ocrx_word' id='word_1_103' title='bbox 1301 2056 1350 2109; x_wconf 81' lang='lat' dir='ltr'>est</span> <span class='ocrx_word' id='word_1_104' title='bbox 1369 2044 1468 2133; x_wconf 83' lang='lat' dir='ltr'>hujus</span> <span class='ocrx_word' id='word_1_105' title='bbox 1480 2046 1546 2113; x_wconf 83' lang='lat' dir='ltr'>loci</span> 
     </span>
     <span class='ocr_line' id='line_1_15' title="bbox 507 2127 1542 2218; baseline 0.005 -25"><span class='ocrx_word' id='word_1_106' title='bbox 507 2127 605 2194; x_wconf 90' lang='lat' dir='ltr'>lectio</span> <span class='ocrx_word' id='word_1_107' title='bbox 624 2129 803 2213; x_wconf 76' lang='grc' dir='ltr'><strong><em>(Φολοςῖωνὸ</em></strong></span> <span class='ocrx_word' id='word_1_108' title='bbox 824 2134 918 2213; x_wconf 89' lang='grc' dir='ltr'><strong><em>μῖμος,</em></strong></span> <span class='ocrx_word' id='word_1_109' title='bbox 957 2130 1024 2195; x_wconf 92' lang='lat' dir='ltr'>uod</span> <span class='ocrx_word' id='word_1_110' title='bbox 1045 2130 1235 2195; x_wconf 87' lang='lat' dir='ltr'>Delaruaeus</span> <span class='ocrx_word' id='word_1_111' title='bbox 1255 2130 1289 2194; x_wconf 90' lang='lat' dir='ltr'>in</span> <span class='ocrx_word' id='word_1_112' title='bbox 1311 2143 1403 2195; x_wconf 87' lang='lat' dir='ltr'>textu</span> <span class='ocrx_word' id='word_1_113' title='bbox 1420 2131 1542 2218; x_wconf 78' lang='lat' dir='ltr'><strong>posuit)</strong></span> 
     </span>
     <span class='ocr_line' id='line_1_16' title="bbox 508 2214 1545 2316; baseline 0.004 -37"><span class='ocrx_word' id='word_1_114' title='bbox 508 2214 652 2302; x_wconf 87' lang='lat' dir='ltr'>quamvis</span> <span class='ocrx_word' id='word_1_115' title='bbox 674 2215 880 2280; x_wconf 87' lang='lat' dir='ltr'>Hoeschelius</span> <span class='ocrx_word' id='word_1_116' title='bbox 902 2215 944 2280; x_wconf 87' lang='lat' dir='ltr'>ha</span> <span class='ocrx_word' id='word_1_117' title='bbox 968 2226 1032 2297; x_wconf 86' lang='lat' dir='ltr'>eat,</span> <span class='ocrx_word' id='word_1_118' title='bbox 1052 2215 1215 2291; x_wconf 79' lang='grc' dir='ltr'><strong><em>Φολιςῖοοοος</em></strong></span> <span class='ocrx_word' id='word_1_119' title='bbox 1235 2219 1329 2298; x_wconf 82' lang='grc' dir='ltr'><strong><em>μῖμος.</em></strong></span> <span class='ocrx_word' id='word_1_120' title='bbox 1373 2218 1463 2316; x_wconf 65' lang='lat' dir='ltr'>Natu</span> <span class='ocrx_word' id='word_1_121' title='bbox 1483 2239 1545 2284; x_wconf 84' lang='lat' dir='ltr'>vox</span> 
     </span>
     <span class='ocr_line' id='line_1_17' title="bbox 505 2301 1544 2474; baseline 0.004 -24"><span class='ocrx_word' id='word_1_122' title='bbox 505 2325 595 2451; x_wconf 54' lang='lat' dir='ltr'>16th</span> <span class='ocrx_word' id='word_1_123' title='bbox 610 2301 1257 2474; x_wconf 45' lang='lat' dir='ltr'>aptacatcspereffissfiaslttitglg,aegitpulplplulffict</span> <span class='ocrx_word' id='word_1_124' title='bbox 1276 2323 1350 2466; x_wconf 69' lang='lat' dir='ltr'>oili,</span> <span class='ocrx_word' id='word_1_125' title='bbox 1365 2302 1544 2454; x_wconf 62' lang='lat' dir='ltr'>rilegcliiiaciitd</span> 
     </span>
     <span class='ocr_line' id='line_1_18' title="bbox 507 2471 1544 2556; baseline 0.004 -20"><span class='ocrx_word' id='word_1_126' title='bbox 507 2472 712 2537; x_wconf 88' lang='lat' dir='ltr'>scribendum</span> <span class='ocrx_word' id='word_1_127' title='bbox 727 2486 776 2537; x_wconf 92' lang='lat' dir='ltr'>est</span> <span class='ocrx_word' id='word_1_128' title='bbox 793 2472 929 2547; x_wconf 76' lang='grc' dir='ltr'><strong><em>Φολοςῖοοο</em></strong></span> <span class='ocrx_word' id='word_1_129' title='bbox 948 2478 962 2536; x_wconf 81' lang='lat' dir='ltr'>l</span> <span class='ocrx_word' id='word_1_130' title='bbox 982 2478 1085 2556; x_wconf 74' lang='grc' dir='ltr'><strong><em>μῖμοςο</em></strong></span> <span class='ocrx_word' id='word_1_131' title='bbox 1108 2493 1184 2537; x_wconf 92' lang='lat' dir='ltr'>cum</span> <span class='ocrx_word' id='word_1_132' title='bbox 1198 2484 1306 2537; x_wconf 88' lang='lat' dir='ltr'>autem</span> <span class='ocrx_word' id='word_1_133' title='bbox 1322 2471 1363 2536; x_wconf 92' lang='lat' dir='ltr'>de</span> <span class='ocrx_word' id='word_1_134' title='bbox 1380 2472 1544 2540; x_wconf 91' lang='lat' dir='ltr'>Philistio-</span> 
     </span>
     <span class='ocr_line' id='line_1_19' title="bbox 507 2557 1543 2643; baseline 0.002 -21"><span class='ocrx_word' id='word_1_135' title='bbox 507 2558 556 2622; x_wconf 87' lang='lat' dir='ltr'>nis</span> <span class='ocrx_word' id='word_1_136' title='bbox 571 2557 691 2636; x_wconf 89' lang='lat' dir='ltr'>fabula,</span> <span class='ocrx_word' id='word_1_137' title='bbox 707 2557 895 2633; x_wconf 75' lang='grc' dir='ltr'><strong><em>ὁΦολιςῖοονος</em></strong></span> <span class='ocrx_word' id='word_1_138' title='bbox 915 2561 1008 2642; x_wconf 88' lang='grc' dir='ltr'><strong><em>μῖμος.</em></strong></span> <span class='ocrx_word' id='word_1_139' title='bbox 1054 2560 1130 2623; x_wconf 91' lang='lat' dir='ltr'>Hoc</span> <span class='ocrx_word' id='word_1_140' title='bbox 1151 2557 1322 2643; x_wconf 83' lang='lat' dir='ltr'>posteriori</span> <span class='ocrx_word' id='word_1_141' title='bbox 1343 2578 1439 2623; x_wconf 86' lang='lat' dir='ltr'>sensu</span> <span class='ocrx_word' id='word_1_142' title='bbox 1461 2559 1543 2624; x_wconf 84' lang='lat' dir='ltr'>Hie·</span> 
     </span>
     <span class='ocr_line' id='line_1_20' title="bbox 506 2642 1544 2732; baseline 0.003 -25"><span class='ocrx_word' id='word_1_143' title='bbox 506 2665 661 2732; x_wconf 88' lang='lat' dir='ltr'>ronymus</span> <span class='ocrx_word' id='word_1_144' title='bbox 672 2644 727 2707; x_wconf 89' lang='lat' dir='ltr'>lib.</span> <span class='ocrx_word' id='word_1_145' title='bbox 737 2644 771 2707; x_wconf 92' lang='lat' dir='ltr'>ii.</span> <span class='ocrx_word' id='word_1_146' title='bbox 782 2643 931 2707; x_wconf 87' lang='lat' dir='ltr'>adversus</span> <span class='ocrx_word' id='word_1_147' title='bbox 948 2644 1099 2709; x_wconf 88' lang='lat' dir='ltr'>Rufinum</span> <span class='ocrx_word' id='word_1_148' title='bbox 1113 2643 1229 2730; x_wconf 89' lang='lat' dir='ltr'>accipit</span> <span class='ocrx_word' id='word_1_149' title='bbox 1240 2643 1369 2707; x_wconf 84' lang='lat' dir='ltr'>mimum</span> <span class='ocrx_word' id='word_1_150' title='bbox 1378 2642 1544 2710; x_wconf 77' lang='lat' dir='ltr'>Philistio-</span> 
     </span>
     <span class='ocr_line' id='line_1_21' title="bbox 505 2727 1543 2814; baseline 0.002 -22"><span class='ocrx_word' id='word_1_151' title='bbox 505 2729 556 2792; x_wconf 81' lang='lat' dir='ltr'>nis</span> <span class='ocrx_word' id='word_1_152' title='bbox 568 2727 618 2792; x_wconf 85' lang='lat' dir='ltr'>vel</span> <span class='ocrx_word' id='word_1_153' title='bbox 632 2728 772 2807; x_wconf 79' lang='lat' dir='ltr'>Lentuli,</span> <span class='ocrx_word' id='word_1_154' title='bbox 786 2750 823 2792; x_wconf 87' lang='lat' dir='ltr'>oc</span> <span class='ocrx_word' id='word_1_155' title='bbox 837 2728 978 2792; x_wconf 83' lang='lat' dir='ltr'>Marulli</span> <span class='ocrx_word' id='word_1_156' title='bbox 996 2728 1165 2814; x_wconf 75' lang='lat' dir='ltr'>stropium,</span> <span class='ocrx_word' id='word_1_157' title='bbox 1179 2750 1239 2793; x_wconf 89' lang='lat' dir='ltr'>nec</span> <span class='ocrx_word' id='word_1_158' title='bbox 1253 2728 1345 2793; x_wconf 87' lang='lat' dir='ltr'>aliter</span> <span class='ocrx_word' id='word_1_159' title='bbox 1360 2727 1479 2813; x_wconf 91' lang='lat' dir='ltr'>accipit</span> <span class='ocrx_word' id='word_1_160' title='bbox 1491 2730 1543 2794; x_wconf 90' lang='lat' dir='ltr'>in-</span> 
     </span>
     <span class='ocr_line' id='line_1_22' title="bbox 504 2812 1545 2900; baseline 0.006 -22"><span class='ocrx_word' id='word_1_161' title='bbox 504 2814 555 2879; x_wconf 85' lang='lat' dir='ltr'>fra</span> <span class='ocrx_word' id='word_1_162' title='bbox 566 2814 722 2900; x_wconf 85' lang='lat' dir='ltr'>Origenes</span> <span class='ocrx_word' id='word_1_163' title='bbox 744 2837 820 2878; x_wconf 91' lang='lat' dir='ltr'>cum</span> <span class='ocrx_word' id='word_1_164' title='bbox 841 2812 978 2879; x_wconf 87' lang='lat' dir='ltr'>duarum</span> <span class='ocrx_word' id='word_1_165' title='bbox 1000 2816 1204 2879; x_wconf 89' lang='lat' dir='ltr'>meretricum</span> <span class='ocrx_word' id='word_1_166' title='bbox 1224 2813 1391 2879; x_wconf 84' lang='lat' dir='ltr'>historiam</span> <span class='ocrx_word' id='word_1_167' title='bbox 1410 2814 1454 2880; x_wconf 88' lang='lat' dir='ltr'>ait</span> <span class='ocrx_word' id='word_1_168' title='bbox 1498 2814 1545 2884; x_wconf 86' lang='lat' dir='ltr'>ari</span> 
     </span>
     <span class='ocr_line' id='line_1_23' title="bbox 499 2899 1542 2989; baseline -0.002 -25"><span class='ocrx_word' id='word_1_169' title='bbox 499 2900 575 2986; x_wconf 90' lang='lat' dir='ltr'>jure</span> <span class='ocrx_word' id='word_1_170' title='bbox 597 2900 638 2963; x_wconf 91' lang='lat' dir='ltr'>ab</span> <span class='ocrx_word' id='word_1_171' title='bbox 659 2900 814 2963; x_wconf 88' lang='lat' dir='ltr'>Africano</span> <span class='ocrx_word' id='word_1_172' title='bbox 840 2899 1020 2985; x_wconf 89' lang='lat' dir='ltr'>comparari</span> <span class='ocrx_word' id='word_1_173' title='bbox 1042 2900 1185 2985; x_wconf 89' lang='lat' dir='ltr'>potuisse</span> <span class='ocrx_word' id='word_1_174' title='bbox 1206 2904 1247 2986; x_wconf 74' lang='grc' dir='ltr'>τῷ</span> <span class='ocrx_word' id='word_1_175' title='bbox 1266 2899 1430 2974; x_wconf 77' lang='grc' dir='ltr'><strong><em>Φολοςῖοοοος</em></strong></span> <span class='ocrx_word' id='word_1_176' title='bbox 1485 2929 1542 2989; x_wconf 66' lang='lat' dir='ltr'>pp.</span> 
     </span>
     <span class='ocr_line' id='line_1_24' title="bbox 503 2984 1543 3070; baseline -0.003 -19"><span class='ocrx_word' id='word_1_177' title='bbox 503 2986 626 3052; x_wconf 86' lang='lat' dir='ltr'>Verum</span> <span class='ocrx_word' id='word_1_178' title='bbox 638 2985 740 3070; x_wconf 90' lang='lat' dir='ltr'>priori</span> <span class='ocrx_word' id='word_1_179' title='bbox 754 3006 850 3049; x_wconf 89' lang='lat' dir='ltr'>sensu</span> <span class='ocrx_word' id='word_1_180' title='bbox 864 2984 1015 3049; x_wconf 87' lang='lat' dir='ltr'>hocloco</span> <span class='ocrx_word' id='word_1_181' title='bbox 1031 2984 1130 3049; x_wconf 89' lang='lat' dir='ltr'>sumit</span> <span class='ocrx_word' id='word_1_182' title='bbox 1140 2985 1312 3049; x_wconf 84' lang='lat' dir='ltr'>Africanus</span> <span class='ocrx_word' id='word_1_183' title='bbox 1324 3006 1434 3049; x_wconf 90' lang='lat' dir='ltr'>vocem</span> <span class='ocrx_word' id='word_1_184' title='bbox 1447 2989 1543 3069; x_wconf 80' lang='grc' dir='ltr'><strong><em>μῖμος,</em></strong></span> 
     </span>
     <span class='ocr_line' id='line_1_25' title="bbox 504 3069 1543 3179; baseline 0.002 -46"><span class='ocrx_word' id='word_1_185' title='bbox 504 3079 539 3133; x_wconf 85' lang='lat' dir='ltr'>et</span> <span class='ocrx_word' id='word_1_186' title='bbox 551 3069 632 3135; x_wconf 85' lang='lat' dir='ltr'>infra</span> <span class='ocrx_word' id='word_1_187' title='bbox 646 3071 801 3179; x_wconf 66' lang='lat' dir='ltr'>Origenes</span> <span class='ocrx_word' id='word_1_188' title='bbox 816 3092 891 3135; x_wconf 92' lang='lat' dir='ltr'>cum</span> <span class='ocrx_word' id='word_1_189' title='bbox 906 3071 973 3135; x_wconf 86' lang='lat' dir='ltr'>ait:</span> <span class='ocrx_word' id='word_1_190' title='bbox 995 3072 1032 3145; x_wconf 82' lang='grc' dir='ltr'>οῖς</span> <span class='ocrx_word' id='word_1_191' title='bbox 1045 3070 1103 3133; x_wconf 81' lang='grc' dir='ltr'><strong><em>οὐδὲ</em></strong></span> <span class='ocrx_word' id='word_1_192' title='bbox 1119 3070 1256 3143; x_wconf 78' lang='grc' dir='ltr'><strong><em>Φολιςῖοον</em></strong></span> <span class='ocrx_word' id='word_1_193' title='bbox 1270 3074 1284 3132; x_wconf 87' lang='grc' dir='ltr'><strong>ὄ</strong></span> <span class='ocrx_word' id='word_1_194' title='bbox 1296 3074 1380 3152; x_wconf 89' lang='grc' dir='ltr'><strong><em>μῖμος</em></strong></span> <span class='ocrx_word' id='word_1_195' title='bbox 1400 3074 1413 3131; x_wconf 81' lang='grc' dir='ltr'><strong>ἔ</strong></span> <span class='ocrx_word' id='word_1_196' title='bbox 1455 3071 1543 3148; x_wconf 72' lang='grc' dir='ltr'><strong><em>ἥσατο</em></strong></span> 
     </span>
     <span class='ocr_line' id='line_1_26' title="bbox 503 3154 1543 3255; baseline 0.004 -37"><span class='ocrx_word' id='word_1_197' title='bbox 503 3155 673 3230; x_wconf 70' lang='grc' dir='ltr'><strong><em>ἀναπλάσας</em></strong></span> <span class='ocrx_word' id='word_1_198' title='bbox 687 3181 718 3219; x_wconf 87' lang='grc' dir='ltr'><strong><em>το</em></strong></span> <span class='ocrx_word' id='word_1_199' title='bbox 733 3183 768 3219; x_wconf 82' lang='grc' dir='ltr'><strong><em>ου</em></strong></span> <span class='ocrx_word' id='word_1_200' title='bbox 792 3181 815 3242; x_wconf 86' lang='grc' dir='ltr'><em>γ</em></span> <span class='ocrx_word' id='word_1_201' title='bbox 830 3155 982 3238; x_wconf 66' lang='lat' dir='ltr'>appelatos,</span> <span class='ocrx_word' id='word_1_202' title='bbox 998 3155 1055 3220; x_wconf 90' lang='lat' dir='ltr'>ubi</span> <span class='ocrx_word' id='word_1_203' title='bbox 1073 3154 1287 3255; x_wconf 71' lang='lat' dir='ltr'>proculdubio</span> <span class='ocrx_word' id='word_1_204' title='bbox 1300 3154 1419 3219; x_wconf 86' lang='lat' dir='ltr'>nonde</span> <span class='ocrx_word' id='word_1_205' title='bbox 1446 3156 1543 3222; x_wconf 73' lang='lat' dir='ltr'>abull</span> 
     </span>
     <span class='ocr_line' id='line_1_27' title="bbox 504 3240 1544 3328; baseline 0.001 -22"><span class='ocrx_word' id='word_1_206' title='bbox 504 3241 710 3322; x_wconf 89' lang='lat' dir='ltr'>Philistionis,</span> <span class='ocrx_word' id='word_1_207' title='bbox 724 3263 758 3306; x_wconf 86' lang='lat' dir='ltr'>se</span> <span class='ocrx_word' id='word_1_208' title='bbox 818 3264 837 3307; x_wconf 89' lang='lat' dir='ltr'>e</span> <span class='ocrx_word' id='word_1_209' title='bbox 849 3243 988 3328; x_wconf 86' lang='lat' dir='ltr'>ipsomet</span> <span class='ocrx_word' id='word_1_210' title='bbox 1002 3240 1189 3306; x_wconf 80' lang='lat' dir='ltr'>Philistione</span> <span class='ocrx_word' id='word_1_211' title='bbox 1202 3242 1303 3304; x_wconf 92' lang='lat' dir='ltr'>mimo</span> <span class='ocrx_word' id='word_1_212' title='bbox 1319 3240 1437 3326; x_wconf 85' lang='lat' dir='ltr'>agitur.</span> <span class='ocrx_word' id='word_1_213' title='bbox 1465 3242 1544 3307; x_wconf 85' lang='lat' dir='ltr'>Sca·</span> 
     </span>
     <span class='ocr_line' id='line_1_28' title="bbox 503 3324 1543 3414; baseline 0.001 -23"><span class='ocrx_word' id='word_1_214' title='bbox 503 3326 586 3414; x_wconf 84' lang='lat' dir='ltr'>liger</span> <span class='ocrx_word' id='word_1_215' title='bbox 612 3328 653 3393; x_wconf 87' lang='lat' dir='ltr'>ad</span> <span class='ocrx_word' id='word_1_216' title='bbox 677 3328 797 3393; x_wconf 90' lang='lat' dir='ltr'>Euseb.</span> <span class='ocrx_word' id='word_1_217' title='bbox 818 3350 852 3392; x_wconf 92' lang='lat' dir='ltr'>n.</span> <span class='ocrx_word' id='word_1_218' title='bbox 879 3348 1048 3392; x_wconf 80' lang='lat' dir='ltr'>umxxrr.</span> <span class='ocrx_word' id='word_1_219' title='bbox 1072 3326 1143 3412; x_wconf 92' lang='lat' dir='ltr'>quis</span> <span class='ocrx_word' id='word_1_220' title='bbox 1165 3326 1264 3391; x_wconf 86' lang='lat' dir='ltr'>fuerit</span> <span class='ocrx_word' id='word_1_221' title='bbox 1286 3324 1340 3390; x_wconf 90' lang='lat' dir='ltr'>hic</span> <span class='ocrx_word' id='word_1_222' title='bbox 1362 3325 1543 3407; x_wconf 89' lang='lat' dir='ltr'>Philistion,</span> 
     </span>
     <span class='ocr_line' id='line_1_29' title="bbox 502 3409 1541 3500; baseline 0.002 -23"><span class='ocrx_word' id='word_1_223' title='bbox 502 3412 662 3500; x_wconf 89' lang='lat' dir='ltr'>disquirit.</span> <span class='ocrx_word' id='word_1_224' title='bbox 689 3415 838 3479; x_wconf 75' lang='lat' dir='ltr'>Dassa.</span> <span class='ocrx_word' id='word_1_225' title='bbox 883 3415 921 3475; x_wconf 90' lang='lat' dir='ltr'>ln</span> <span class='ocrx_word' id='word_1_226' title='bbox 944 3411 1095 3498; x_wconf 85' lang='lat' dir='ltr'>Origcnis</span> <span class='ocrx_word' id='word_1_227' title='bbox 1116 3411 1190 3474; x_wconf 94' lang='lat' dir='ltr'>loco</span> <span class='ocrx_word' id='word_1_228' title='bbox 1213 3409 1373 3497; x_wconf 86' lang='lat' dir='ltr'>posterius</span> <span class='ocrx_word' id='word_1_229' title='bbox 1396 3433 1418 3474; x_wconf 88' lang='lat' dir='ltr'>a</span> <span class='ocrx_word' id='word_1_230' title='bbox 1439 3412 1541 3479; x_wconf 85' lang='lat' dir='ltr'>Dela·</span> 
     </span>
     <span class='ocr_line' id='line_1_30' title="bbox 502 3495 1542 3582; baseline -0.004 -18"><span class='ocrx_word' id='word_1_231' title='bbox 502 3521 591 3564; x_wconf 89' lang='lat' dir='ltr'>ruaeo</span> <span class='ocrx_word' id='word_1_232' title='bbox 614 3497 744 3563; x_wconf 86' lang='lat' dir='ltr'>laudato</span> <span class='ocrx_word' id='word_1_233' title='bbox 767 3498 867 3564; x_wconf 89' lang='lat' dir='ltr'>habet</span> <span class='ocrx_word' id='word_1_234' title='bbox 890 3498 1091 3562; x_wconf 82' lang='lat' dir='ltr'>Wetstenius</span> <span class='ocrx_word' id='word_1_235' title='bbox 1113 3495 1241 3582; x_wconf 88' lang='lat' dir='ltr'>quidem</span> <span class='ocrx_word' id='word_1_236' title='bbox 1263 3495 1398 3567; x_wconf 73' lang='grc' dir='ltr'><strong><em>Φολιςῖοον</em></strong></span> <span class='ocrx_word' id='word_1_237' title='bbox 1418 3500 1542 3579; x_wconf 84' lang='grc' dir='ltr'><strong><em>ὁμῖμος,</em></strong></span> 
     </span>
     <span class='ocr_line' id='line_1_31' title="bbox 480 3580 1542 3669; baseline 0 -20"><span class='ocrx_word' id='word_1_238' title='bbox 480 3583 560 3658; x_wconf 51' lang='lat' dir='ltr'>¹aed</span> <span class='ocrx_word' id='word_1_239' title='bbox 582 3584 801 3662; x_wconf 90' lang='lat' dir='ltr'>Hoeschelius,</span> <span class='ocrx_word' id='word_1_240' title='bbox 823 3582 879 3669; x_wconf 94' lang='lat' dir='ltr'>qui</span> <span class='ocrx_word' id='word_1_241' title='bbox 900 3581 984 3645; x_wconf 88' lang='lat' dir='ltr'>hanc</span> <span class='ocrx_word' id='word_1_242' title='bbox 1004 3581 1196 3668; x_wconf 83' lang='lat' dir='ltr'>particulam</span> <span class='ocrx_word' id='word_1_243' title='bbox 1220 3581 1365 3668; x_wconf 84' lang='lat' dir='ltr'>epistolae</span> <span class='ocrx_word' id='word_1_244' title='bbox 1389 3580 1542 3668; x_wconf 80' lang='lat' dir='ltr'>Origenia</span> 
     </span>
     <span class='ocr_line' id='line_1_32' title="bbox 502 3664 1583 3768; baseline -0.004 -34"><span class='ocrx_word' id='word_1_245' title='bbox 502 3669 626 3758; x_wconf 86' lang='lat' dir='ltr'>primus</span> <span class='ocrx_word' id='word_1_246' title='bbox 649 3668 760 3747; x_wconf 85' lang='lat' dir='ltr'>edidit,</span> <span class='ocrx_word' id='word_1_247' title='bbox 774 3671 809 3742; x_wconf 71' lang='grc' dir='ltr'>οῖς</span> <span class='ocrx_word' id='word_1_248' title='bbox 828 3669 886 3730; x_wconf 75' lang='grc' dir='ltr'><strong><em>οὐδὲ</em></strong></span> <span class='ocrx_word' id='word_1_249' title='bbox 910 3671 923 3729; x_wconf 84' lang='grc' dir='ltr'><strong>ὁ</strong></span> <span class='ocrx_word' id='word_1_250' title='bbox 944 3666 1108 3742; x_wconf 78' lang='grc' dir='ltr'><strong><em>Φολοςῖοοοος</em></strong></span> <span class='ocrx_word' id='word_1_251' title='bbox 1123 3671 1208 3749; x_wconf 80' lang='grc' dir='ltr'><strong><em>μῖμος</em></strong></span> <span class='ocrx_word' id='word_1_252' title='bbox 1222 3667 1354 3752; x_wconf 84' lang='lat' dir='ltr'>praebet.</span> <span class='ocrx_word' id='word_1_253' title='bbox 1391 3664 1447 3730; x_wconf 87' lang='lat' dir='ltr'>Ad</span> <span class='ocrx_word' id='word_1_254' title='bbox 1462 3688 1540 3768; x_wconf 72' lang='lat' dir='ltr'>pag.</span> <span class='ocrx_word' id='word_1_255' title='bbox 1581 3684 1583 3689; x_wconf 87' lang='lat'>&#39;</span> 
     </span>
     <span class='ocr_line' id='line_1_33' title="bbox 502 3751 1540 3843; baseline -0.002 -23"><span class='ocrx_word' id='word_1_256' title='bbox 502 3776 632 3843; x_wconf 92' lang='lat' dir='ltr'>quoque</span> <span class='ocrx_word' id='word_1_257' title='bbox 646 3767 697 3820; x_wconf 84' lang='lat'>24.</span> <span class='ocrx_word' id='word_1_258' title='bbox 711 3754 762 3818; x_wconf 90' lang='lat' dir='ltr'>ed.</span> <span class='ocrx_word' id='word_1_259' title='bbox 778 3753 950 3818; x_wconf 85' lang='lat' dir='ltr'>Delaman.</span> <span class='ocrx_word' id='word_1_260' title='bbox 966 3753 1022 3816; x_wconf 93' lang='lat' dir='ltr'>ubi</span> <span class='ocrx_word' id='word_1_261' title='bbox 1040 3753 1110 3839; x_wconf 89' lang='lat' dir='ltr'>ipsa</span> <span class='ocrx_word' id='word_1_262' title='bbox 1122 3752 1267 3816; x_wconf 87' lang='lat' dir='ltr'>Africani</span> <span class='ocrx_word' id='word_1_263' title='bbox 1287 3751 1382 3817; x_wconf 87' lang='lat' dir='ltr'>verba</span> <span class='ocrx_word' id='word_1_264' title='bbox 1399 3752 1441 3815; x_wconf 90' lang='lat' dir='ltr'>ab</span> <span class='ocrx_word' id='word_1_265' title='bbox 1465 3753 1540 3827; x_wconf 86' lang='lat' dir='ltr'>Orr-</span> 
     </span>
     <span class='ocr_line' id='line_1_34' title="bbox 434 3837 1541 3926; baseline -0.002 -20"><span class='ocrx_word' id='word_1_266' title='bbox 434 3888 440 3911; x_wconf 77' lang='lat'>.</span> <span class='ocrx_word' id='word_1_267' title='bbox 546 3863 586 3905; x_wconf 91' lang='lat' dir='ltr'>ne</span> <span class='ocrx_word' id='word_1_268' title='bbox 599 3838 723 3926; x_wconf 89' lang='lat' dir='ltr'>plenius</span> <span class='ocrx_word' id='word_1_269' title='bbox 737 3838 876 3903; x_wconf 85' lang='lat' dir='ltr'>adducta</span> <span class='ocrx_word' id='word_1_270' title='bbox 890 3851 975 3917; x_wconf 87' lang='lat' dir='ltr'>sunt,</span> <span class='ocrx_word' id='word_1_271' title='bbox 988 3837 1203 3916; x_wconf 87' lang='lat' dir='ltr'>Wctstcnius,</span> <span class='ocrx_word' id='word_1_272' title='bbox 1218 3837 1273 3922; x_wconf 93' lang='lat' dir='ltr'>qui</span> <span class='ocrx_word' id='word_1_273' title='bbox 1288 3837 1411 3923; x_wconf 91' lang='lat' dir='ltr'>primus</span> <span class='ocrx_word' id='word_1_274' title='bbox 1424 3837 1541 3904; x_wconf 82' lang='lat' dir='ltr'>Graeoa</span> 
     </span>
     <span class='ocr_line' id='line_1_35' title="bbox 500 3861 1541 4026; baseline 0 -36"><span class='ocrx_word' id='word_1_275' title='bbox 500 3861 614 4026; x_wconf 58' lang='lat' dir='ltr'>digua</span> <span class='ocrx_word' id='word_1_276' title='bbox 633 3937 736 3989; x_wconf 84' lang='lat' dir='ltr'>totam</span> <span class='ocrx_word' id='word_1_277' title='bbox 760 3924 910 4010; x_wconf 83' lang='lat' dir='ltr'>Origenis</span> <span class='ocrx_word' id='word_1_278' title='bbox 930 3922 1033 3988; x_wconf 91' lang='lat' dir='ltr'>edidit</span> <span class='ocrx_word' id='word_1_279' title='bbox 1053 3922 1235 4008; x_wconf 89' lang='lat' dir='ltr'>epistolam,</span> <span class='ocrx_word' id='word_1_280' title='bbox 1251 3922 1385 3987; x_wconf 85' lang='lat' dir='ltr'>eandem</span> <span class='ocrx_word' id='word_1_281' title='bbox 1407 3934 1541 4007; x_wconf 85' lang='lat' dir='ltr'>praestat</span> 
     </span>
     <span class='ocr_line' id='line_1_36' title="bbox 501 4005 1540 4096; baseline -0.003 -20"><span class='ocrx_word' id='word_1_282' title='bbox 501 4024 705 4096; x_wconf 81' lang='lat' dir='ltr'>sumpturam,</span> <span class='ocrx_word' id='word_1_283' title='bbox 720 4011 761 4073; x_wconf 73' lang='grc' dir='ltr'>εἶδ’</span> <span class='ocrx_word' id='word_1_284' title='bbox 774 4011 808 4084; x_wconf 83' lang='grc' dir='ltr'>οῖς</span> <span class='ocrx_word' id='word_1_285' title='bbox 820 4008 982 4084; x_wconf 75' lang='grc' dir='ltr'><strong><em>Φολιςῖοονος</em></strong></span> <span class='ocrx_word' id='word_1_286' title='bbox 995 4013 1090 4092; x_wconf 82' lang='grc' dir='ltr'><strong><em>μῖμος,</em></strong></span> <span class='ocrx_word' id='word_1_287' title='bbox 1107 4007 1164 4071; x_wconf 95' lang='lat' dir='ltr'>ubi</span> <span class='ocrx_word' id='word_1_288' title='bbox 1178 4009 1209 4072; x_wconf 93' lang='lat' dir='ltr'>in</span> <span class='ocrx_word' id='word_1_289' title='bbox 1224 4008 1302 4072; x_wconf 88' lang='lat' dir='ltr'>MS.</span> <span class='ocrx_word' id='word_1_290' title='bbox 1317 4005 1411 4072; x_wconf 89' lang='lat' dir='ltr'>Bodl.</span> <span class='ocrx_word' id='word_1_291' title='bbox 1427 4007 1540 4073; x_wconf 87' lang='lat' dir='ltr'>scribi·</span> 
     </span>
     <span class='ocr_line' id='line_1_37' title="bbox 501 4091 1539 4180; baseline -0.004 -18"><span class='ocrx_word' id='word_1_292' title='bbox 501 4096 556 4162; x_wconf 74' lang='lat' dir='ltr'>lur</span> <span class='ocrx_word' id='word_1_293' title='bbox 580 4096 632 4157; x_wconf 72' lang='grc' dir='ltr'><strong><em>οὐδ’</em></strong></span> <span class='ocrx_word' id='word_1_294' title='bbox 654 4098 689 4170; x_wconf 71' lang='grc' dir='ltr'>οῖς</span> <span class='ocrx_word' id='word_1_295' title='bbox 710 4101 723 4158; x_wconf 85' lang='grc' dir='ltr'>ὀ</span> <span class='ocrx_word' id='word_1_296' title='bbox 744 4093 905 4169; x_wconf 77' lang='grc' dir='ltr'><strong><em>Φολιςῖωνος</em></strong></span> <span class='ocrx_word' id='word_1_297' title='bbox 924 4099 1020 4177; x_wconf 83' lang='grc' dir='ltr'><strong><em>μῖμος.</em></strong></span> <span class='ocrx_word' id='word_1_298' title='bbox 1067 4093 1178 4156; x_wconf 89' lang='lat' dir='ltr'>Posuit</span> <span class='ocrx_word' id='word_1_299' title='bbox 1199 4105 1307 4156; x_wconf 85' lang='lat' dir='ltr'>autem</span> <span class='ocrx_word' id='word_1_300' title='bbox 1332 4091 1386 4156; x_wconf 88' lang='lat' dir='ltr'>hic</span> <span class='ocrx_word' id='word_1_301' title='bbox 1407 4113 1539 4180; x_wconf 70' lang='lat' dir='ltr'>quoque</span> 
     </span>
     <span class='ocr_line' id='line_1_38' title="bbox 444 4177 1538 4263; baseline 0 -19"><span class='ocrx_word' id='word_1_302' title='bbox 444 4215 446 4220; x_wconf 94' lang='lat'>·</span> <span class='ocrx_word' id='word_1_303' title='bbox 500 4178 703 4259; x_wconf 85' lang='lat' dir='ltr'>Delaruaeus,</span> <span class='ocrx_word' id='word_1_304' title='bbox 717 4183 753 4255; x_wconf 77' lang='grc' dir='ltr'>οῖς</span> <span class='ocrx_word' id='word_1_305' title='bbox 767 4182 823 4243; x_wconf 75' lang='grc' dir='ltr'><strong><em>οὐδὲ</em></strong></span> <span class='ocrx_word' id='word_1_306' title='bbox 837 4181 970 4250; x_wconf 65' lang='lat' dir='ltr'>dunelm</span> <span class='ocrx_word' id='word_1_307' title='bbox 985 4185 998 4242; x_wconf 83' lang='lat' dir='ltr'>l</span> <span class='ocrx_word' id='word_1_308' title='bbox 1012 4183 1106 4261; x_wconf 88' lang='grc' dir='ltr'><strong><em>μῖμος.</em></strong></span> <span class='ocrx_word' id='word_1_309' title='bbox 1145 4177 1301 4263; x_wconf 84' lang='lat' dir='ltr'>Origenes</span> <span class='ocrx_word' id='word_1_310' title='bbox 1313 4198 1399 4254; x_wconf 90' lang='lat' dir='ltr'>vero,</span> <span class='ocrx_word' id='word_1_311' title='bbox 1413 4190 1451 4242; x_wconf 92' lang='lat' dir='ltr'>ut</span> <span class='ocrx_word' id='word_1_312' title='bbox 1465 4198 1538 4244; x_wconf 90' lang='lat' dir='ltr'>mo·</span> 
     </span>
     <span class='ocr_line' id='line_1_39' title="bbox 501 4261 1537 4351; baseline -0.004 -20"><span class='ocrx_word' id='word_1_313' title='bbox 501 4265 573 4331; x_wconf 87' lang='lat' dir='ltr'>nuit</span> <span class='ocrx_word' id='word_1_314' title='bbox 594 4275 629 4328; x_wconf 90' lang='lat' dir='ltr'>et</span> <span class='ocrx_word' id='word_1_315' title='bbox 650 4265 719 4351; x_wconf 89' lang='lat' dir='ltr'>ipse</span> <span class='ocrx_word' id='word_1_316' title='bbox 733 4266 936 4344; x_wconf 87' lang='lat' dir='ltr'>Delaruaeus,</span> <span class='ocrx_word' id='word_1_317' title='bbox 951 4265 1059 4329; x_wconf 88' lang='lat' dir='ltr'>statim</span> <span class='ocrx_word' id='word_1_318' title='bbox 1075 4274 1148 4348; x_wconf 90' lang='lat' dir='ltr'>post</span> <span class='ocrx_word' id='word_1_319' title='bbox 1160 4261 1306 4327; x_wconf 86' lang='lat' dir='ltr'>Africani</span> <span class='ocrx_word' id='word_1_320' title='bbox 1320 4261 1416 4326; x_wconf 85' lang='lat' dir='ltr'>verba</span> <span class='ocrx_word' id='word_1_321' title='bbox 1429 4262 1537 4343; x_wconf 86' lang='lat' dir='ltr'>allata,</span> 
     </span>
     <span class='ocr_line' id='line_1_40' title="bbox 499 4346 1536 4438; baseline -0.005 -22"><span class='ocrx_word' id='word_1_322' title='bbox 499 4351 571 4416; x_wconf 83' lang='lat' dir='ltr'>haec</span> <span class='ocrx_word' id='word_1_323' title='bbox 586 4349 695 4429; x_wconf 85' lang='lat' dir='ltr'>habet,</span> <span class='ocrx_word' id='word_1_324' title='bbox 707 4347 764 4438; x_wconf 74' lang='grc' dir='ltr'>ὥρα</span> <span class='ocrx_word' id='word_1_325' title='bbox 778 4356 835 4437; x_wconf 72' lang='grc' dir='ltr'>γὰρ</span> <span class='ocrx_word' id='word_1_326' title='bbox 848 4349 1040 4435; x_wconf 57' lang='lat' dir='ltr'>repullulare</span> <span class='ocrx_word' id='word_1_327' title='bbox 1057 4347 1131 4411; x_wconf 78' lang='grc' dir='ltr'><strong><em>ἄλλο</em></strong></span> <span class='ocrx_word' id='word_1_328' title='bbox 1145 4346 1233 4434; x_wconf 77' lang='grc' dir='ltr'><strong><em>τούτῳ</em></strong></span> <span class='ocrx_word' id='word_1_329' title='bbox 1248 4347 1448 4433; x_wconf 71' lang='grc' dir='ltr'><strong><em>παραπλήσιον</em></strong></span> <span class='ocrx_word' id='word_1_330' title='bbox 1463 4353 1536 4435; x_wconf 71' lang='grc' dir='ltr'><strong><em>εἰμι·</em></strong></span> 
     </span>
     <span class='ocr_line' id='line_1_41' title="bbox 498 4432 1557 4523; baseline -0.004 -22"><span class='ocrx_word' id='word_1_331' title='bbox 498 4436 578 4520; x_wconf 74' lang='grc' dir='ltr'><strong><em>μένον</em></strong></span> <span class='ocrx_word' id='word_1_332' title='bbox 593 4439 662 4522; x_wconf 55' lang='lat' dir='ltr'>ivri</span> <span class='ocrx_word' id='word_1_333' title='bbox 677 4435 753 4523; x_wconf 72' lang='grc' dir='ltr'><strong><em>τρίτῃ</em></strong></span> <span class='ocrx_word' id='word_1_334' title='bbox 768 4445 821 4499; x_wconf 83' lang='grc' dir='ltr'><strong><em>τοῖν</em></strong></span> <span class='ocrx_word' id='word_1_335' title='bbox 834 4439 995 4514; x_wconf 73' lang='grc' dir='ltr'>βασιλειῶν,</span> <span class='ocrx_word' id='word_1_336' title='bbox 1011 4432 1073 4519; x_wconf 70' lang='grc' dir='ltr'>ὅπερ</span> <span class='ocrx_word' id='word_1_337' title='bbox 1088 4433 1135 4496; x_wconf 76' lang='grc' dir='ltr'>καὶ</span> <span class='ocrx_word' id='word_1_338' title='bbox 1154 4436 1235 4507; x_wconf 77' lang='grc' dir='ltr'><strong><em>αὐτὸς</em></strong></span> <span class='ocrx_word' id='word_1_339' title='bbox 1258 4432 1437 4516; x_wconf 77' lang='grc' dir='ltr'><strong><em>ὄμολογῆσεος</em></strong></span> <span class='ocrx_word' id='word_1_340' title='bbox 1451 4432 1537 4519; x_wconf 77' lang='grc' dir='ltr'><strong><em>ῖγῖοος</em></strong></span> <span class='ocrx_word' id='word_1_341' title='bbox 1552 4440 1557 4449; x_wconf 90' lang='grc'><strong>’</strong></span> 
     </span>
     <span class='ocr_line' id='line_1_42' title="bbox 498 4516 1537 4618; baseline -0.003 -32"><span class='ocrx_word' id='word_1_342' title='bbox 498 4522 707 4610; x_wconf 72' lang='grc' dir='ltr'><strong><em>ἁνγεγςάφθοις,</em></strong></span> <span class='ocrx_word' id='word_1_343' title='bbox 732 4526 772 4607; x_wconf 79' lang='grc' dir='ltr'>τῷ</span> <span class='ocrx_word' id='word_1_344' title='bbox 794 4519 955 4595; x_wconf 76' lang='grc' dir='ltr'><strong><em>Φολιςῖοοοος</em></strong></span> <span class='ocrx_word' id='word_1_345' title='bbox 982 4519 1071 4618; x_wconf 72' lang='grc' dir='ltr'><strong><em>μῖμομ.</em></strong></span> <span class='ocrx_word' id='word_1_346' title='bbox 1093 4530 1190 4603; x_wconf 91' lang='lat' dir='ltr'>atque</span> <span class='ocrx_word' id='word_1_347' title='bbox 1215 4518 1261 4581; x_wconf 90' lang='lat' dir='ltr'>ita</span> <span class='ocrx_word' id='word_1_348' title='bbox 1283 4538 1414 4603; x_wconf 92' lang='lat' dir='ltr'>quoque</span> <span class='ocrx_word' id='word_1_349' title='bbox 1436 4516 1537 4602; x_wconf 91' lang='lat' dir='ltr'>paulo</span> 
     </span>
     <span class='ocr_line' id='line_1_43' title="bbox 499 4602 1536 4694; baseline -0.001 -23"><span class='ocrx_word' id='word_1_350' title='bbox 499 4609 585 4694; x_wconf 80' lang='lat' dir='ltr'>post.</span> <span class='ocrx_word' id='word_1_351' title='bbox 630 4603 728 4672; x_wconf 86' lang='lat' dir='ltr'>Porro</span> <span class='ocrx_word' id='word_1_352' title='bbox 749 4605 835 4693; x_wconf 88' lang='lat' dir='ltr'>apud</span> <span class='ocrx_word' id='word_1_353' title='bbox 853 4605 977 4670; x_wconf 90' lang='lat' dir='ltr'>huncce</span> <span class='ocrx_word' id='word_1_354' title='bbox 992 4605 1091 4690; x_wconf 87' lang='lat' dir='ltr'>ipsrus</span> <span class='ocrx_word' id='word_1_355' title='bbox 1105 4603 1249 4690; x_wconf 88' lang='lat' dir='ltr'>epistolae</span> <span class='ocrx_word' id='word_1_356' title='bbox 1264 4602 1410 4667; x_wconf 86' lang='lat' dir='ltr'>Africani</span> <span class='ocrx_word' id='word_1_357' title='bbox 1423 4602 1536 4670; x_wconf 91' lang='lat' dir='ltr'>locum</span> 
     </span>
     <span class='ocr_line' id='line_1_44' title="bbox 498 4687 1536 4780; baseline -0.002 -22"><span class='ocrx_word' id='word_1_358' title='bbox 498 4711 574 4759; x_wconf 83' lang='lat' dir='ltr'>eum</span> <span class='ocrx_word' id='word_1_359' title='bbox 601 4690 776 4760; x_wconf 79' lang='lat' dir='ltr'>Hoescltelio</span> <span class='ocrx_word' id='word_1_360' title='bbox 806 4703 904 4780; x_wconf 85' lang='lat' dir='ltr'>atque</span> <span class='ocrx_word' id='word_1_361' title='bbox 930 4689 1098 4760; x_wconf 81' lang='lat' dir='ltr'>ll&#39;etstenio</span> <span class='ocrx_word' id='word_1_362' title='bbox 1125 4689 1248 4757; x_wconf 86' lang='lat' dir='ltr'>faciunt</span> <span class='ocrx_word' id='word_1_363' title='bbox 1274 4688 1406 4756; x_wconf 76' lang='lat' dir='ltr'>Heracli</span> <span class='ocrx_word' id='word_1_364' title='bbox 1432 4687 1536 4758; x_wconf 82' lang='lat' dir='ltr'>Versio</span> 
     </span>
    </p>
   </div>
   <div class='ocr_carea' id='block_1_5' title="bbox 0 0 2050 5675">
    <p class='ocr_par' dir='ltr' id='par_1_5' title="bbox 0 0 2050 5675">
     <span class='ocr_line' id='line_1_45' title="bbox 0 0 2050 5675; baseline 0 5"><span class='ocrx_word' id='word_1_365' title='bbox 0 0 2050 5675; x_wconf 95' lang='lat' dir='ltr'> </span> 
     </span>
    </p>
   </div>
  </div>
 </body>
</html>
