4092 5675
507 744 569 814 266
766 758 770 764 '
841 740 1203 810 ANNOTATIONES

505 912 616 993 mosis,
632 935 730 1013 quem
752 914 911 979 Manetho
929 915 1015 1001 apud
1030 916 1210 1001 losephum
1225 923 1369 1001 pastores
1383 914 1544 1001 expulisse

505 1002 562 1066 ait.
604 1000 773 1065 Atricanus
788 1001 906 1087 itaque,
919 1001 1050 1087 perinde
1065 1015 1102 1065 ut
1117 1001 1178 1100 alii·
1185 1000 1316 1087 quidam
1330 1021 1370 1064 ex
1384 1002 1543 1087 patribus,

505 1088 547 1152 de
567 1087 716 1151 Hebraeis
737 1108 837 1172 regna
855 1086 966 1150 isthaec
985 1098 1150 1173 pastorum
1169 1099 1396 1172 interpretatus
1411 1108 1483 1151 esse
1496 1088 1542 1151 vi·

504 1172 609 1236 detur.
655 1172 739 1236 Cum
760 1195 834 1236 vero
856 1172 944 1236 mille
966 1193 1067 1259 prope
1084 1173 1158 1237 anni
1178 1173 1281 1237 tribus
1302 1172 1353 1236 his
1374 1173 1543 1258 Dynastiis

506 1260 674 1322 Pastorum
697 1259 923 1339 attribuantur,
948 1258 1034 1323 hunc
1057 1280 1185 1323 necesse
1208 1271 1259 1349 est
1280 1257 1492 1336 existimasse,
1516 1258 1543 1324 si

503 1344 603 1409 modo
621 1344 690 1431 ipse
705 1368 847 1409 summas
869 1366 1024 1408 annorum
1041 1344 1219 1429 collegerit,
1236 1344 1409 1409 nonnullos
1420 1365 1462 1407 ex
1476 1344 1542 1409 istis

502 1430 634 1580 {iegibus
649 1444 706 1495 aut
721 1429 892 1519 συγχςὸνους
908 1430 1060 1510 extitisse,
1074 1445 1132 1494 aut
1145 1431 1255 1516 potius
1272 1430 1367 1515 plane
1387 1430 1540 1495 omitten-

527 1538 564 1579 os
579 1538 659 1581 esse.
804 1576 807 1583 .

548 1603 582 1665 P.
598 1617 664 1667 141.
680 1602 702 1666 l.
713 1617 743 1665 3.
766 1602 790 1663 oi
806 1602 853 1665 nai
869 1601 1039 1684 Μέμφιν-ἓ
1066 1600 1225 1687 apsidam]
1244 1601 1364 1665 Omnia
1378 1601 1451 1667 haec
1465 1604 1542 1668 Sca·

501 1686 583 1773 liger
606 1688 639 1751 in
662 1690 782 1775 Ἱςοςιῶν
805 1687 916 1771 Συναγ.
942 1628 1111 1751 Eusedium
1138 1704 1266 1751 secutus
1286 1702 1363 1771 post
1384 1688 1482 1752 verba
1502 1688 1541 1753 ad

502 1772 525 1836 l.
547 1780 578 1836 6.
601 1777 613 1836 ὁ
636 1773 743 1851 Σαΐτης
764 1776 843 1855 νομὸς
866 1773 985 1859 posuit.
1040 1772 1255 1837 Consentiunt
1278 1772 1328 1836 his
1353 1774 1439 1838 MS..
1456 1785 1541 1837 uter-

502 1880 561 1958 que
583 1859 685 1922 Puris.
739 1858 843 1922 Aliter
868 1881 941 1923 vero
968 1880 1034 1922 rem
1062 1858 1264 1922 administrat
1285 1858 1371 1922 idem
1397 1861 1542 1947 Scaliger

501 1967 535 2008 m
553 1944 711 2009 Cononem
729 1945 853 2031 Isagog.
874 1945 932 2009 lib.
949 1944 983 2009 ii.
1005 1944 1063 2009 ubi
1085 1944 1135 2008 hae
1158 1944 1326 2032 Dynastiae
1347 1946 1465 2011 Latine
1486 1968 1540 2010 ex·

503 2042 582 2094 tant.
1488 2052 1491 2060 '

546 2116 629 2179 Ibid.
642 2116 665 2180 l.
681 2129 710 2180 4.
734 2120 760 2179 ἐν
774 2122 814 2202 τῷ
834 2116 969 2203 Σεθρνΐτῃ
986 2117 1071 2200 νομῷ]
1091 2115 1211 2180 Plinius
1225 2115 1282 2180 lib.
1294 2139 1322 2180 V.
1339 2137 1411 2201 cap.
1425 2134 1457 2195 9.
1479 2116 1541 2181 Dl-

502 2201 621 2266 viditur
641 2203 806 2289 AEgrjptus
833 2202 866 2265 in
891 2201 1099 2288 profecturos
1121 2200 1311 2287 oppidorum,
1335 2224 1414 2289 quos
1439 2224 1542 2266 nomos

502 2299 622 2352 cocunt.
660 2291 702 2351 Et
727 2289 817 2351 infra.
858 2289 939 2374 Quce
953 2289 1054 2372 juxta
1079 2286 1241 2352 Pelusium
1261 2298 1306 2350 est
1327 2288 1415 2374 regio
1439 2310 1542 2351 nomos

503 2373 592 2438 habet
626 2373 852 2452 Plutuuem,
882 2372 1079 2451 Bulostiteu,
1112 2373 1277 2452 Setroiten,
1307 2373 1367 2435 &e
1425 2374 1541 2437 Strabo

504 2461 611 2546 Geog.
626 2460 683 2525 lib.
696 2460 768 2523 xvii.
784 2461 824 2532 55}
839 2461 866 2522 δὲ
881 2460 1020 2541 suissuis
1035 2460 1186 2545 Σηὸρεΐτης
1205 2460 1261 2541 (ita
1275 2458 1357 2545 legit
1374 2458 1442 2540 ille)
1457 2460 1543 2544 πάρνὶ

501 2550 548 2623 τὴν
563 2546 656 2630 ἑτέραν
670 2545 777 2627 λίμνην.
806 2547 867 2608 Est
884 2566 1004 2631 quoque
1016 2566 1125 2608 nomas
1141 2543 1306 2609 Sethroites
1322 2545 1364 2607 od
1377 2543 1477 2608 ulium
1492 2543 1541 2607 lu·

502 2654 581 2695 euru.
603 2632 656 2694 De
672 2633 775 2695 nornis
787 2631 954 2717 AEgyptiis
969 2631 1086 2716 passim
1104 2629 1293 2693 Herodotus
1307 2630 1364 2694 lib.
1377 2630 1412 2694 ii.
1428 2651 1458 2693 c.
1473 2636 1540 2693 164.

500 2731 533 2782 et
547 2739 637 2802 seqq.
652 2720 728 2780 κατὰ
742 2720 800 2802 γὰρ
816 2718 845 2794 δὴ
860 2715 943 2797 uouit
957 2714 1092 2800 ΑἵγυπΊος
1107 2714 1207 2778 ἅπασα
1221 2712 1404 2803 trapetum.
1433 2716 1473 2779 Iu
1487 2738 1542 2779 no·

501 2824 566 2866 mos
579 2802 744 2889 AEgyptus
766 2811 833 2866 totu
855 2801 1016 2865 diuiditur.
1056 2801 1252 2866 Heliodorus
1273 2802 1381 2865 statim
1404 2802 1466 2865 sub
1480 2801 1541 2865 ,Ε-

502 2889 636 2973 thiopic.
651 2888 817 2951 exordium
833 2888 1002 2972 legendus.
1027 2890 1201 2952 Gonnus
1247 2887 1443 2952 Summatim
1464 2887 1541 2972 Epi-

498 2973 637 3060 phanius
656 2974 745 3037 Haer.
761 2973 842 3037 xxiv.
862 2974 922 3036 sub
942 2973 1011 3037 init.
1027 2976 1105 3055 νομὸν
1124 2976 1185 3063 γὰρ
1202 2976 1226 3037 οἳ
1242 2973 1385 3058 Αἰγύπῖιοί
1406 2990 1477 3057 φασι
1495 2976 1542 3051 τὴν

500 3060 601 3135 iusim
616 3059 727 3133 πόλεως
741 3057 911 3144 περιοικίδα,
927 3059 984 3136 ἦτον
998 3059 1171 3147 περίχωρον.

544 3145 628 3209 lbid.
643 3145 664 3208 l.
678 3150 708 3209 6.
732 3150 744 3208 ὁ
769 3145 876 3221 Σαΐτης
903 3145 994 3228 νομὸς]
1021 3145 1132 3217 Habet
1157 3145 1253 3213 verba
1275 3143 1316 3207 de
1336 3138 1393 3208 illo
1421 3144 1542 3209 relatus

500 3231 702 3310 Herodotus,
719 3244 751 3295 et
772 3231 814 3294 ab
835 3230 915 3294 urbe
938 3231 992 3294 Sai
1014 3231 1076 3295 toti
1089 3230 1205 3293 tractui
1222 3251 1339 3293 nomen
1354 3229 1542 3316 imponente

500 3331 713 3402 nuncupatur.
759 3317 934 3402 Principem
957 3316 1054 3402 hujus
1076 3317 1164 3381 nomi
1186 3315 1326 3402 primum
1340 3330 1436 3380 vocat
1449 3316 1543 3380 Jose-

500 3404 584 3488 phus
610 3405 741 3467 Salatim
770 3403 826 3466 lib.
856 3405 882 3465 Ι.
908 3402 1024 3465 Contr.
1049 3401 1211 3487 Apionem
1235 3422 1312 3486 pag.
1340 3401 1421 3464 mibi
1454 3416 1541 3480 1039.

504 3494 586 3576 (cap.
599 3490 660 3553 xiv.
677 3511 709 3574 p.
727 3502 812 3563 1337.
828 3488 879 3550 ed.
896 3488 1060 3568 Hudson.)
1085 3489 1258 3550 Goxnus.
1304 3487 1416 3550 Potius
1430 3486 1543 3552 dicen·

453 3639 459 3651 .
500 3575 579 3638 dum
594 3575 668 3652 fuit,
683 3574 728 3638 ita
745 3574 921 3658 principem
943 3572 1030 3636 hunc
1049 3572 1231 3635 nominasse
1253 3573 1491 3637 Manethonem
1509 3573 1543 3637 in

501 3659 972 3745 FragmentoAEgyptiacorum
983 3657 1159 3805 ejbus,quod
1169 3658 1330 3743 Josephus
1341 3658 1384 3720 ibi
1395 3659 1542 3743 servavit.

543 3745 628 3810 ibid.
642 3745 664 3808 l.
680 3759 709 3808 Θ.
734 3747 820 3828 Brun]
846 3746 896 3807 Ita
916 3745 1002 3806 Eure
1023 3743 1046 3805 ii
1064 3743 1225 3830 Dyuostio
1239 3756 1271 3805 et
1285 3743 1364 3806 MS.
1379 3742 1463 3808 alter
1479 3747 1543 3808 Pu·

498 3831 554 3895 ris.
578 3831 655 3894 Βύων
673 3830 833 3894 Guarinus.
843 3828 981 3915 Syncellz'
998 3840 1112 3906 textus,
1128 3829 1185 3892 sed
1198 3828 1274 3905 Βηών
1286 3829 1440 3892 Monetlto
1454 3829 1544 3915 apud

498 3918 679 4002 Josephnm
695 3917 716 3980 l.
730 3938 758 3980 c.
776 3915 864 4002 quod
885 3917 1014 3980 Goarus
1036 3916 1076 3978 ad
1099 3936 1201 4000 marg.
1225 3914 1366 4000 Syncelli
1385 3916 1544 4000 reposuit.

497 4005 584 4065 Ἀνῶν
601 4003 744 4086 Scaliger
770 4003 802 4064 in
823 4004 908 4086 Ἱςορ.
924 4000 1036 4083 Συναγ.
1052 4014 1084 4064 et
1102 3999 1321 4063 Chronieorum
1336 4000 1421 4087 lsug.
1460 4002 1544 4066 Vult

499 4102 608 4151 autem
630 4088 670 4151 cl.
688 4091 819 4174 Bryant.
842 4086 875 4149 in
897 4107 993 4172 opere
1015 4109 1111 4171 supra
1133 4086 1287 4162 adducto,
1310 4085 1544 4171 chronologos,
1581 4112 1585 4118 ’

500 4195 576 4236 cum
599 4175 683 4256 regis
707 4173 804 4260 hujus
829 4195 945 4235 nomen
970 4170 1197 4255 ignoraverint,
1225 4171 1371 4257 posuisse
1395 4171 1436 4252 β’.
1460 4176 1543 4237 ἄνων.

500 4258 563 4322 vol.
577 4257 621 4320 iii.
639 4278 671 4342 p.
682 4271 752 4332 357.
790 4258 955 4320 Caeterum
976 4256 1129 4323 Eusebius
1149 4279 1250 4321 annos
1272 4270 1399 4321 tantum
1414 4270 1467 4337 43,
1481 4278 1545 4344 pro

499 4357 550 4410 44.
567 4342 643 4405 huie
658 4344 726 4427 regi
743 4344 900 4406 attribuit.

545 4427 628 4493 Ibid.
643 4427 665 4491 l.
680 4445 710 4505 9.
733 4434 858 4514 Παχνᾶν
879 4429 923 4506 ἔτη
944 4428 1014 4512 ξα’.]
1034 4431 1184 4515 Ἀπαχννὶς
1198 4427 1351 4490 Munetlto
1373 4427 1462 4514 apud
1481 4429 1544 4493 Jo-

500 4514 649 4600 sephum.
690 4515 800 4576 Goaro
823 4514 901 4576 item
920 4514 960 4576 ad
981 4536 1083 4599 marg.
1101 4513 1238 4600 Syncelli
1254 4514 1317 4576 hoc
1334 4514 1544 4580 rescribente.

501 4601 590 4665 Huic
605 4600 673 4686 regi
688 4598 773 4685 apud
786 4599 923 4663 eundem
936 4599 1103 4683 Josepluuu
1115 4600 1190 4664 anni
1203 4613 1328 4664 tantum
1340 4605 1391 4663 36.
1404 4612 1437 4662 et
1449 4620 1544 4663 men·

501 4709 551 4753 ses
567 4698 597 4763 7.
615 4686 844 4752 attribuuntur.
881 4686 1036 4750 Eusebius
1050 4699 1171 4764 autem,
1187 4687 1244 4774 qui
1259 4685 1356 4773 hujus
1369 4686 1544 4773 Dynastiae
