4092 5675
487 801 572 873 ψ
841 783 1201 854 Annornuonas

551 956 586 1021 P.
601 969 666 1020 155.
681 956 703 1021 l.
718 970 765 1036 19.
788 956 863 1043 Μίχ
905 959 956 1041 μὲν
975 966 1030 1021 τῶν
1047 958 1257 1041 Ὀλυμπιάδων,
1270 957 1343 1021 adlit
1356 954 1469 1045 aspidis
1484 956 1538 1031 leda

507 1066 587 1130 gntus
610 1046 667 1118 τοῖς
685 1042 839 1128 Ἓλλησι,]
864 984 963 1109 llxtat
986 1043 1049 1107 hoc
1072 1043 1242 1108 frustulum
1270 1043 1303 1107 ln
1326 1041 1539 1109 &bannum

507 1147 639 1215 quoque
660 1128 702 1192 ad
725 1130 905 1228 Graecas:
916 1128 1326 1243 Justipquartyrissvulgo
1346 1129 1482 1209 tributa,
1502 1128 1539 1195 ud

507 1214 1540 1388 3²³²·2t}..ilt.l⁶tilttl}⁰ttlt.llllt.*ltlttflt’gntt

506 1383 604 1449 Anna
624 1397 658 1449 et
677 1386 915 1452 successoribus
933 1385 1015 1473 ejus,
1031 1386 1151 1473 pietate
1173 1400 1271 1473 atque
1292 1385 1441 1468 doctrina
1486 1409 1541 1451 ru·

507 1482 595 1536 stans
611 1469 747 1537 Carolus
761 1471 940 1549 Ashtonus,
956 1472 1013 1535 sed
1035 1486 1068 1536 et
1089 1493 1128 1536 ex
1149 1472 1273 1548 indiciis
1292 1472 1432 1535 aliorum
1455 1408 1542 1537 ldco*

507 1577 579 1622 rum
602 1555 708 1622 adlrue
729 1557 1009 1636 manifestioribus,
1026 1580 1099 1644 quae
1121 1572 1196 1643 post
1215 1558 1356 1637 afferam,
1373 1558 1407 1621 in
1427 1557 1541 1646 eodem

506 1662 527 1705 ο
551 1642 664 1708 usculo
683 1643 806 1730 positis,
828 1642 961 1729 collegit
982 1644 1054 1721 sibi,
1079 1643 1323 1708 Cohortationem
1346 1642 1390 1706 ad
1417 1642 1542 1708 Graem

506 1663 601 1791 alicui
620 1728 767 1815 scriptori
781 1728 900 1795 Justini
914 1741 1008 1793 aetate
1024 1729 1193 1815 posteriori
1214 1728 1391 1794 ad'udicari
1413 1728 1544 1794 debere:

504 1812 580 1877 Vid.
600 1828 784 1898 postumam
807 1814 878 1900 ejus
899 1814 975 1879 edit.
995 1816 1163 1903 Utriusque
1175 1752 1269 1900 Apoll.
1282 1813 1405 1878 Justini
1420 1814 1541 1879 canu.

504 1896 618 1983 brigiae
637 1906 724 1975 1768.
739 1922 771 1986 p.
783 1915 872 1979 293.-
889 1901 1016 1965 Interea
1035 1900 1177 1965 ostendit
1199 1903 1285 1965 Hen.
1299 1899 1496 1965 Dodwellus
1506 1899 1542 1964 it'r

417 2019 420 2024 ·
507 1983 651 2058 Prtelect.
675 1987 789 2073 lnaug.
812 1987 865 2050 De
887 1986 1042 2051 Historiae
1066 1988 1191 2051 Graecae
1212 1985 1428 2071 Antiquitas,
1444 2005 1543 2072 quatu

505 2067 761 2136 Praeleetionilas
778 2071 996 2137 Communis
1016 2071 1082 2137 suis
1104 2071 1270 2160 premisit,
1285 2070 1541 2136 nimisliberuli·¹

382 2189 386 2202 ·
505 2164 555 2217 ter
569 2175 644 2219 cum
660 2158 782 2223 Graecis
798 2158 902 2243 egisse
916 2160 1093 2225 Varronem
1116 2170 1150 2223 et
1172 2168 1278 2245 patres
1297 2155 1444 2221 ecclesiae
1459 2156 1541 2221 auti-

505 2239 689 2326 quissimos,
705 2243 760 2329 qui
782 2244 822 2308 ab
844 2243 920 2329 ipsis
941 2243 1191 2332 Olympiadibus
1212 2257 1331 2307 certam
1353 2262 1471 2307 eorum
1492 2241 1541 2307 in·

504 2325 660 2391 choarent
681 2327 858 2393 historiam.
901 2331 1006 2395 Varro
1033 2329 1130 2407 enim,
1157 2325 1337 2391 Censorino
1362 2340 1458 2406 teste,
1482 2326 1540 2392 trit

504 2410 688 2477 discrimina
702 2426 883 2501 temporum
899 2437 968 2479 esse
983 2414 1125 2480 tradidit.
1157 2413 1298 2477 Primum
1314 2412 1356 2476 ab
1369 2412 1538 2477 hominum

504 2497 661 2585 principio
682 2498 723 2563 ad
742 2501 879 2586 priorem
902 2500 1133 2588 cataclysmum
1147 2501 1282 2562 vocabat
1298 2496 1411 2576 ἄδηλον,
1425 2501 1538 2563 sectiu-

504 2581 582 2646 dum
598 2583 672 2648 inde
686 2584 727 2648 ad
742 2586 969 2673 Olympiadem
986 2586 1121 2673 primam
1137 2585 1263 2665 μυθικὸν,
1279 2584 1411 2648 tertium
1432 2605 1454 2648 a
1474 2583 1538 2669 pri·

503 2690 558 2731 ma
583 2670 777 2756 Olympiade
802 2671 845 2734 ad
870 2693 904 2737 se
931 2671 1056 2759 ἱςοςικόν.
1094 2672 1145 2734 De
1167 2670 1230 2733 Die
1250 2668 1366 2733 Natali
1388 2690 1462 2756 cap.
1476 2668 1537 2734 x'xi.

501 2773 534 2839 p.
550 2767 617 2817 111.
661 2755 751 2821 Male
774 2756 883 2820 omisit
902 2765 966 2835 τῶν,
982 2756 1070 2844 quod
1089 2756 1218 2820 extabat
1237 2755 1268 2819 in
1284 2755 1358 2819 edit.
1376 2754 1416 2818 R.
1431 2753 1537 2852 Steplt.

501 2850 536 2902 et
557 2839 811 2910 alibi,Eusebius
833 2843 956 2927 Vigeri.
1010 2845 1094 2906 Mox
1117 2848 1238 2942 vigorati,
1254 2863 1318 2905 non
1340 2843 1400 2927 erpi
1421 2848 1472 2906 τοῦ
1489 2840 1541 2907 dia

502 2921 605 3001 visim,
618 2925 678 2989 etsi
693 2927 725 2989 in
740 2925 801 2989 hac
816 2947 849 2989 re
862 2928 1011 3005 variatur,
1027 2928 1133 2991 curavi
1147 2927 1411 3014 rmprimendum.

545 3009 580 3071 P.
597 3015 663 3072 156.
679 3012 700 3074 l.
713 3022 744 3086 7.
771 3016 808 3075 roi
825 3011 982 3100 ‘Etgalmy
999 3016 1052 3086 τὰς
1069 3017 1117 3077 Ἑ.
1139 3013 1313 3079 subaudita
1335 3011 1442 3100 isoglae
1458 3010 1535 3078 MS.

502 3092 678 3158 Euseliiin
694 3096 780 3161 Coll.
795 3098 829 3160 S.
842 3099 937 3162 Joan.
953 3099 1058 3162 Oxou.
1070 3111 1223 3179 servatus.

546 3179 629 3244 lbid.
642 3180 666 3243 l.
685 3197 730 3246 10.
754 3184 801 3258 aei
820 3183 920 3261 ταύτης
939 3184 1079 3270 ἐχόμενος,
1093 3183 1214 3270 &palpas
1233 3208 1264 3245 rs
1288 3184 1336 3245 καὶ
1356 3183 1535 3271 προστιθεὶς,

504 3264 579 3349 &c.]
607 3267 761 3332 Africani
778 3269 845 3333 istis
869 3270 1004 3333 multam
1031 3270 1173 3354 perfudit
1193 3270 1298 3333 lucem
1320 3290 1459 3354 magnus
1484 3267 1538 3333 ille

502 3351 646 3438 Scaliger
661 3353 692 3416 in
709 3353 939 3441 Prolegornenis
953 3355 1017 3417 suis
1031 3355 1064 3418 in
1081 3353 1232 3418 Chronica
1245 3352 1396 3418 Eusebia.-
1420 3361 1442 3393 “
1451 3354 1538 3441 Quis

500 3442 524 3475 “
542 3438 670 3524 (inquit)
701 3441 903 3526 ignoratione
934 3441 1028 3503 unius
1056 3439 1212 3504 intervalli
1244 3439 1367 3525 reliqua
1395 3436 1543 3526 ignorari

500 3527 523 3560 “
538 3544 666 3588 necesse
680 3524 739 3603 est,
751 3525 1024 3610 quemadmodum
1041 3547 1106 3588 uno
1120 3524 1334 3610 deprehenso,¹
1344 3540 1536 3590 eaeterorum

501 3610 524 3646 “
541 3609 684 3693 cognitio
699 3610 936 3696 expeditissima
951 3623 1010 3688 est,
1030 3624 1064 3674 ut
1078 3611 1109 3674 in
1126 3610 1163 3674 iis
1178 3610 1285 3687 rebus,
1300 3631 1372 3696 quae
1386 3611 1470 3675 veris
1482 3610 1536 3675 de-

501 3696 824 3759 “monstrationibus
847 3695 1001 3774 nituntur,
1023 3696 1208 3780 contingere
1229 3694 1331 3759 solet:
1363 3694 1536 3761 Africanus

501 3777 571 3841 “id
594 3779 654 3843 sibi
677 3781 799 3866 negotii
820 3780 998 3866 proposuit,
1014 3793 1051 3844 ut
1066 3798 1133 3844 uno
1153 3780 1318 3844 intervallo
1332 3780 1373 3843 ad
1394 3781 1535 3868 aliquem

500 3868 523 3902 “
536 3878 661 3928 certum
682 3865 824 3930 historiae
842 3866 975 3929 exoticae
989 3866 1119 3930 titulum
1134 3865 1247 3944 relato,
1262 3878 1329 3928 tam
1343 3867 1536 3930 anteceden-

499 3952 521 3986 “
537 3949 631 4030 tium,
653 3973 750 4037 quam
773 3951 1039 4037 consequentium
1061 3951 1227 4015 veritatem
1251 3964 1388 4014 erueret.
1434 3948 1537 4039 Quod

500 4038 522 4070 “
538 4033 637 4118 igitur
649 4036 737 4122 apud
751 4035 884 4100 exoticas
898 4035 1042 4101 historiae
1056 4051 1202 4114 auctores
1216 4037 1343 4121 reperit,
1358 4037 1449 4122 quod
1461 4058 1537 4123 pro·

500 4121 526 4181 “.
538 4120 646 4216 posito
668 4144 727 4186 suo
748 4122 887 4185 maxime
911 4134 1161 4186 consentaneum
1185 4142 1256 4184 esse
1277 4121 1451 4185 arbitratus
1474 4134 1536 4201 est,

499 4207 523 4241 “
539 4202 573 4266 rd
586 4203 641 4268 ille
656 4227 714 4290 pro
730 4205 826 4270 titulo
840 4220 874 4270 et
886 4207 1025 4271 termino
1040 4206 1144 4290 operis
1167 4205 1216 4269 sui
1236 4205 1381 4289 arripuit.
1424 4209 1536 4294 Lege·

499 4293 523 4328 “
537 4301 585 4352 rat
600 4288 708 4375 itaque
723 4292 809 4377 apud
818 4292 838 4356 J
840 4293 997 4377 osephum
1010 4313 1050 4356 ex
1065 4291 1248 4369 Polemone,
1260 4290 1401 4376 Apione,
1411 4305 1445 4356 et
1459 4295 1536 4358 Pto·

499 4379 523 4413 “
537 4374 652 4439 lemaeo
678 4376 861 4455 Mendesio,
886 4379 1043 4442 Hebraeos
1069 4399 1108 4440 ex
1130 4380 1290 4462 AEgypto‚
1315 4376 1399 4440 duce
1425 4379 1537 4457 Mose,

499 4465 523 4499 “
538 4460 693 4548 migrasse
711 4460 836 4525 circiter
858 4463 983 4527 initium
1005 4463 1096 4548 regni
1111 4463 1319 4548 Argivorum,
1335 4461 1399 4525 hoc
1414 4476 1464 4527 est
1478 4485 1536 4528 an·

498 4547 586 4609 “nis
602 4567 700 4611 mxx.
714 4558 786 4610 ante
800 4548 935 4632 primam
951 4547 1201 4635 Olympiadem:
1224 4546 1313 4632 quod
1334 4560 1465 4634 tempus
1482 4546 1536 4614 alii

500 4634 523 4669 “
537 4629 578 4694 ad
603 4632 769 4712 Inachum,
788 4631 841 4696 alii
863 4633 903 4697 ad
924 4633 1127 4698 Phoroneum
1149 4632 1314 4697 referunt:
1343 4632 1442 4719 idque
1461 4647 1535 4699 tau·

500 4720 524 4756 “
537 4736 636 4804 quam
659 4740 770 4806 sepem
796 4739 834 4783 ac
858 4718 1104 4787 fundamentum
1128 4718 1358 4805 Chronologiae
1381 4740 1450 4787 suae
1474 4718 1536 4786 sibi
