4092 5675
591 797 656 869 330
927 773 1287 846 suuoruuouus

528 989 535 999 -
592 955 617 992 “
628 947 748 1017 vocatis
784 945 905 1014 utribus
918 969 1058 1037 regnum
1074 947 1249 1014 Palestinae
1264 947 1391 1015 Herodi
1404 947 1471 1017 SC.
1482 948 1626 1020 delatum

592 1042 616 1076 ‘³
629 1037 712 1102 est.''
766 1047 898 1099 aeterum
914 1036 947 1100 in
961 1058 1031 1100 mar
1056 1082 1064 1099 .
1079 1032 1216 1121 Syncelli
1229 1047 1304 1122 post
1318 1034 1389 1100 haec
1401 1037 1509 1120 verba,
1519 1041 1556 1114 ὦς’
1569 1040 1629 1104 sss

592 1121 654 1200 ἠξΐα
668 1121 727 1186 &c
739 1133 888 1185 notatum
899 1135 948 1185 est
959 1058 1056 1200 istud,
1066 1124 1104 1184 ταὶ
1115 1126 1199 1183 λοιπαὶ
1208 1121 1375 1209 Ἀφρικανέ,
1385 1122 1442 1187 sed
1453 1122 1488 1189 in
1500 1144 1519 1189 e
1542 1121 1553 1188 i
1614 1159 1629 1174 ·

592 1205 657 1295 phe
676 1212 723 1284 τῆς
742 1208 842 1294 piatas
855 1204 964 1271 omnia
976 1206 1131 1272 Africano
1144 1203 1260 1269 diserte
1274 1204 1484 1274 vindicantur.
1554 1209 1630 1275 aulo

593 1303 668 1356 ante
688 1314 748 1379 pro
766 1291 868 1370 ταύτης
888 1297 978 1379 ἀρχῆς
996 1291 1092 1390 posui
1105 1296 1153 1367 τῆς
1168 1294 1271 1377 dfxit,
1286 1291 1376 1379 quod
1392 1292 1515 1360 habeut
1530 1293 1630 1360 scati-

591 1399 649 1465 ger
663 1390 697 1442 et
710 1378 787 1443 MS.
803 1376 884 1442 alter
898 1376 1094 1442 Puristensis.

639 1465 673 1527 P.
689 1475 755 1542 179.
770 1461 792 1527 l.
809 1478 857 1525 11.
880 1462 1018 1548 ἐλθόντος]
1038 1463 1115 1527 Post
1127 1460 1210 1524 hanc
1225 1481 1336 1526 vocem
1349 1462 1462 1530 deesse
1476 1462 1632 1530 nonnulis

591 1562 680 1614 recte
702 1559 804 1627 notat,
822 1548 879 1635 qui
901 1547 1003 1614 edidit
1024 1546 1223 1635 syncellum,
1238 1546 1377 1612 Goarus.
1420 1549 1581 1614 Attamen
1594 1569 1632 1614 ex

593 1633 734 1699 historiis
756 1646 893 1713 constat,
910 1633 950 1699 C.
967 1633 1095 1698 Sosium
1117 1651 1192 1696 cum
1216 1631 1350 1697 Herode
1365 1632 1575 1721 Antigonum
1589 1634 1633 1699 vi·

592 1718 686 1798 cisse,
698 1741 735 1783 ae
750 1717 854 1783 vivum
869 1719 1001 1804 cepisse.

638 1803 722 1868 Ibid.
736 1804 758 1867 l.
772 1818 817 1867 13.
841 1802 1080 1890 ἐξεπολιόρκησαν]
1095 1805 1144 1868 Ex
1156 1803 1253 1869 MSto
1268 1813 1397 1891 utroque
1409 1802 1556 1869 Parisino
1571 1803 1635 1869 hoc

593 1890 722 1975 reposui
759 1912 795 1953 ro
812 1888 1018 1973 ἐπολιόρκησαν.

639 1910 759 2038 Ibidi.
777 1980 823 2038 16.
843 1980 891 2049 τῆς
903 1971 1051 2059 Ἀραδίοις]
1067 1974 1203 2040 Addidit
1215 1974 1343 2038 Goarus
1358 1972 1400 2038 ad
1413 1974 1568 2062 marg.'ri
1582 1970 1634 2057 με’-

593 2083 650 2146 gaf,
665 2058 754 2159 quod
768 2081 833 2123 non
848 2060 1063 2124 necessarium
1078 2060 1212 2125 videtur.
1558 2083 1561 2088 ·

640 2144 725 2209 Ibid.
749 2144 795 2209 τόν
809 2171 840 2209 τε
853 2144 1010 2231 Τράχωνα,
1024 2146 1046 2231 ᾖ
1061 2150 1109 2224 τὴν
1123 2150 1167 2209 Aa
1183 2143 1281 2224 ανῖτιν,
1297 2145 1344 2208 καὶ
1363 2141 1476 2211 Safar
1492 2145 1541 2208 nai
1556 2149 1635 2210 raa·

594 2229 691 2316 λάνην]
711 2231 817 2295 Urbes
835 2252 958 2309 omnes,
973 2253 1046 2318 quae
1066 2244 1140 2297 ante
1159 2172 1216 2295 das
1235 2230 1382 2316 regiones
1402 2230 1580 2294 nominatae
1599 2250 1637 2294 ec

595 2316 761 2381 recensitae
773 2328 859 2395 sunt,
869 2318 888 2381 J
891 2316 1030 2402 osephus
1041 2316 1087 2381 ait
1097 2339 1117 2380 a
1129 2316 1257 2380 Caesare
1268 2318 1422 2400 Augusto
1438 2314 1567 2380 Herodi
1578 2315 1638 2380 do-

595 2414 686 2465 natas
698 2401 806 2481 fuisse,
817 2416 850 2466 et
861 2413 991 2488 postero
1003 2423 1068 2487 quo
1093 2423 1133 2466 ue
1146 2414 1295 2487 temporo
1307 2400 1508 2479 Tracbaaem,
1519 2414 1554 2465 et
1566 2402 1638 2465 Aa·

596 2487 728 2564 raaitin,
741 2500 774 2551 et
793 2488 957 2572 regionem
975 2488 1058 2551 inter
1070 2424 1278 2552 (drachonem
1294 2497 1327 2549 et
1341 2484 1513 2550 Galilaeam
1528 2486 1637 2566 sitam,

596 2570 690 2658 cujus
711 2593 783 2658 pars
801 2573 863 2636 fuit
881 2570 1069 2636 Gaulanitis.
1113 2571 1271 2637 Eusebius
1285 2571 1317 2635 in
1336 2570 1544 2649 Onomustica,
1559 2594 1639 2639 voce

597 2655 726 2737 Γαυλῶν,
743 2658 841 2722 habet
856 2661 991 2740 ipavupsi
1003 2659 1030 2719 δὲ
1045 2661 1079 2744 τῇ
1096 2658 1173 2744 κώμῃ
1190 2658 1237 2721 καὶ
1252 2664 1268 2733 ἡ
1283 2656 1454 2743 περίχωρος.
1475 2677 1508 2744 p.
1521 2670 1572 2722 82.
1586 2656 1637 2722 ed.

597 2741 707 2807 Amst.
745 2742 833 2891 §fuid
847 2765 921 2808 vero
936 2742 976 2806 de
992 2742 1084 2807 Sucia
1100 2742 1306 2806 statuendum
1321 2741 1373 2819 sit,
1388 2742 1510 2820 nescio,
1524 2742 1587 2807 nisi
1600 2765 1639 2808 ea

596 2825 694 2893 fuerit
716 2827 757 2892 Sa
771 2826 832 2892 cha
852 2828 927 2892 urbs
950 2827 1098 2914 quaedam
1120 2828 1282 2908 Bataneae,
1300 2827 1441 2913 regionis
1462 2849 1540 2894 cum
1557 2829 1638 2895 Tra·

598 2911 691 2976 ebone
704 2926 737 2975 et
747 2913 899 2977 Aaruaiti
913 2934 932 2976 a
945 2914 965 2977 J
967 2913 1091 2998 osepho
1115 2912 1234 2977 ibidem
1246 2915 1340 2994 ¹inter
1359 2914 1533 2998 Augustea
1553 2914 1639 2983 dom

597 3011 872 3063 commemoratae.
917 3000 952 3063 H
954 3019 1016 3061 unc
1030 3013 1140 3064 autem
1153 2997 1289 3085 Josephi
1302 2997 1410 3062 locum
1422 2998 1582 3066 Africano
1595 3001 1638 3066 ob

598 3081 711 3148 oculos
734 3096 891 3148 versatum
913 3083 1022 3162 fuisse,
1045 3084 1121 3148 satis
1144 3105 1302 3171 superque
1325 3096 1464 3163 constat,
1490 3085 1638 3151 tredente

598 3180 631 3233 et
652 3168 698 3233 ibi
719 3169 876 3254 Josepho‚
900 3169 1002 3235 totius
1028 3169 1128 3255 Syriae
1155 3182 1395 3254 procuratorem
1420 3170 1638 3238 constitutum

596 3253 697 3320 fuisse
715 3255 895 3321 Herodem.
940 3254 1104 3319 Caeterum
1123 3253 1287 3337 ’Adpavisaa
1301 3267 1334 3319 et
1351 3252 1500 3334 Γαὸλίαην
1514 3255 1638 3322 solenni

598 3341 835 3426 permutatione
855 3341 1018 3407 literarum
1035 3338 1101 3405 det
1120 3367 1136 3403 a
1156 3340 1288 3405 exbibet
1303 3338 1441 3426 Syncelli
1455 3351 1573 3421 textus,
1590 3363 1638 3406 re-

597 3427 798 3575 fragaptibus
811 3428 921 3492 Goaro
935 3426 977 3490 ad
992 3448 1093 3512 marg.
1106 3437 1140 3489 et
1155 3426 1331 3513 Scaliger0‚
1343 3425 1535 3512 scriptisque
1546 3427 1639 3494 Pari-

598 3532 689 3576 steasz
710 3534 756 3576 at.

643 3598 677 3661 P.
693 3611 758 3662 180.
777 3596 799 3662 l.
813 3613 843 3663 2.
873 3597 918 3674 ἔτη
940 3596 1007 3746 adq
1032 3597 1254 3682 Reprehensus
1276 3607 1326 3661 est
1347 3596 1381 3660 in
1401 3617 1442 3663 eo
1462 3597 1637 3664 Africanus

599 3681 640 3746 ad
654 3703 729 3768 pag.
741 3696 811 3761 309.
835 3705 854 3746 a
877 3683 992 3769 Syncel
1006 3706 1039 3763 o,
1054 3682 1143 3769 quod
1164 3696 1228 3747 tres
1247 3704 1350 3746 <annos
1372 3681 1515 3748 Herodis
1537 3705 1637 3770 regno

599 3767 817 3832 subtraxisset.
862 3768 924 3832 Sed
940 3767 1019 3832 duas
1034 3768 1173 3867 epochas
1192 3767 1274 3832 initii
1295 3766 1391 3852 hujus
1405 3768 1498 3854 regni
1512 3790 1637 3835 memo·

598 3866 670 3918 rant
680 3875 719 3918 ex
729 3853 873 3940 Josepho
889 3853 1034 3918 Petavius
1048 3876 1082 3916 m
1095 3853 1258 3918 Ratioaar.
1271 3853 1345 3916 Tem
1369 3899 1377 3915 .
1393 3866 1475 3939 part.
1486 3854 1516 3918 Ι.
1530 3853 1589 3921 lib.
1598 3853 1636 3919 iv.

599 3960 670 4026 cap.
685 3953 734 4003 22.
760 3953 795 4004 et
816 3939 932 4026 Pagius
950 3938 1109 4022 Apparet.
1129 3940 1173 4003 ad
1191 3936 1311 4003 Aaoul.
1332 3865 1464 4002 baronti
1487 3959 1566 4026 pag.
1591 3950 1635 4014 17.

600 4044 710 4104 unam,
724 4035 895 4112 postquam
911 4046 966 4089 rex
982 4023 1131 4088 Herodes
1150 4046 1169 4087 a
1189 4022 1343 4088 Romanis
1356 4022 1566 4090 renunciatud
1578 4036 1635 4102 est,

600 4129 665 4194 qua
685 4111 809 4185 ratione
831 4109 949 4175 dicitur
969 4126 989 4174 a
1008 4108 1153 4195 Josepho
1170 4109 1227 4174 lib.
1242 4109 1270 4171 Ι.
1290 4109 1341 4193 Da
1362 4106 1452 4171 Bello
1466 4108 1543 4175 Jad.
1564 4130 1633 4197 cap.

598 4192 660 4257 ult.
676 4213 827 4279 regnasse
847 4216 946 4259 annos
960 4207 1019 4272 373
1042 4194 1174 4259 alteram
1189 4216 1264 4259 vero
1279 4202 1354 4281 post
1368 4193 1574 4281 Antigonum
1588 4194 1634 4259 in·

598 4276 782 4356 tenentum,
794 4302 858 4366 qua
872 4279 990 4345 dicitur
1003 4279 1126 4344 ibidem
1142 4279 1183 4344 ab
1197 4280 1314 4345 eodem
1328 4291 1462 4345 auctore
1475 4301 1577 4346 annos
1587 4290 1632 4345 34.

599 4363 641 4429 ab
654 4362 822 4428 interfecto
836 4366 1005 4452 Antigono
1020 4387 1121 4452 regno
1137 4387 1196 4431 suo
1211 4387 1281 4430 esse
1318 4365 1428 4430 otitus.

532 4516 534 4521 ,
643 4446 728 4514 Ibid.
743 4447 765 4512 l.
778 4463 808 4514 3.
828 4450 999 4536 Ἀντίγονον]
1016 4450 1107 4515 Male
1128 4451 1273 4515 Ἀντώνιον
1290 4386 1428 4538 ἔρηεοίἱὶ
1450 4459 1566 4530 taxea,
1581 4446 1632 4515 sed

601 4534 771 4684 {mendate
795 4535 922 4602 Goarus
948 4536 990 4601 ad
1013 4557 1114 4624 marg.
1139 4549 1173 4601 et
1197 4536 1351 4624 Scaliger,
1375 4534 1537 4622 sudesque
1556 4534 1631 4601 alta

630 4640 776 4684 aratam.

643 4703 726 4771 Ibid.
741 4707 764 4773 l.
776 4721 807 4773 5.
827 4708 859 4772 ri
873 4710 992 4782 ωλεῖςαν
1006 4706 1155 4774 &sedanda
1168 4715 1217 4775 rai
1230 4709 1345 4796 ςραταῦ]
1365 4706 1549 4776 Confirmat
1561 4704 1628 4774 Flo·
