4092 5675
490 817 562 881 420
770 851 773 858 .
829 769 1196 862 ··nuuornrrouus

497 974 521 1054 .“
538 989 591 1031 sus
605 968 661 1053 qui
680 965 760 1031 duas
780 976 917 1043 tantum,
933 965 1201 1052 superposuerint.
1245 968 1295 1030 Ex
1315 988 1525 1054 superponeu·
1569 995 1570 1008 ι

497 1059 521 1093 “
536 1053 622 1116 tibus
637 1074 711 1116 vero
732 1050 766 1115 hi
787 1051 954 1115 novissime
977 1050 1055 1115 dicti
1075 1052 1244 1115 minimum
1264 1052 1409 1116 omnium
1426 1053 1524 1119 riden-

500 1141 523 1179 “
539 1152 591 1201 tur
607 1136 779 1223 peregisse,
794 1136 872 1200 nulli
894 1136 978 1199 enim
1001 1159 1021 1200 a
1041 1137 1202 1224 Dionysio
1223 1154 1524 1217 commemorantur,

499 1231 523 1263 “
559 1222 653 1287 uibus
678 1224 781 1286 visum
804 1220 900 1286 fuerit
924 1244 944 1285 a
969 1220 1021 1284 die
1046 1222 1174 1287 Saturni
1195 1222 1347 1307 incipere,
1368 1237 1468 1310 atque
1487 1223 1525 1288 ita

499 1317 523 1349 “
537 1246 622 1371 diem
646 1330 743 1372 unum
766 1320 890 1371 tantum
914 1328 1135 1392 superponere.
1178 1307 1383 1372 Mentionem
1407 1307 1523 1395 quidem
1568 1339 1570 1368 r

498 1394 737 1480 “quorundam
758 1392 934 1478 Dionysius
950 1392 1038 1470 facit,
1055 1391 1111 1477 qui
1129 1414 1169 1457 ne
1187 1413 1288 1457 unum
1302 1393 1436 1481 quidem
1451 1394 1524 1459 diem
1569 1435 1570 1440 ι

500 1486 523 1519 “
538 1492 805 1578 superponerent3
829 1478 908 1542 istos
929 1498 1002 1542 vero
1022 1499 1143 1563 paucos
1164 1499 1229 1563 prae
1250 1478 1378 1542 caeteris
1395 1478 1525 1544 extitisse
1543 1517 1548 1526 κ

500 1572 523 1605 “
539 1564 743 1628 manifestum
757 1576 821 1640 est;
836 1575 933 1649 atque
945 1563 1074 1648 iusuper
1087 1561 1261 1627 notandum
1274 1577 1337 1642 est,
1348 1564 1416 1628 fieri
1431 1586 1525 1651 posse,

501 1658 524 1689 “
540 1663 577 1714 ut
592 1645 639 1713 itti
653 1649 707 1735 qui
721 1648 805 1712 diem
820 1648 958 1736 solidum
974 1648 1060 1712 haud
1076 1662 1337 1734 superponerent,
1352 1648 1526 1736 jejunarent

502 1742 525 1773 “
539 1748 658 1814 tamen,
673 1748 710 1798 ut
724 1734 813 1819 loqui
828 1749 916 1798 amat
930 1750 1053 1811 auctor,
1070 1756 1171 1820 usque
1186 1733 1226 1797 ad
1241 1729 1419 1820 vesperam.
1449 1733 1525 1817 (tud

499 1827 523 1859 ¹‘
539 1821 620 1883 infra
634 1820 655 1883 l.
670 1825 712 1899 7.)
758 1819 897 1882 Eosdem
920 1841 1016 1905 porro
1039 1819 1102 1883 hoc
1125 1818 1223 1884 modo
1242 1818 1412 1907 jejunasse
1432 1819 1526 1884 verisi-

500 1912 523 1943 “
538 1904 614 1968 mile
628 1918 687 1985 est,
702 1927 766 1967 non
787 1927 851 1968 uno
870 1916 996 1968 tantum
1018 1904 1081 1983 die,
1096 1904 1152 1969 sed
1167 1905 1301 1968 fortasse
1315 1906 1469 1969 omnibus
1482 1926 1527 1970 sex

499 1996 524 2028 ‘⁶
538 1989 661 2068 diebus,
676 1988 820 2053 similiter
837 2011 966 2075 prorsus
990 2004 1086 2076 atque
1105 1989 1244 2053 maxima
1263 1989 1352 2075 apud
1367 2013 1428 2055 nos
1442 1989 1527 2054 hodie

499 2075 738 2140 “celebrantur
752 2074 908 2162 je‘unia.’'
949 2075 1268 2161 Desuperpositione
1282 2087 1424 2139 tantum.
1460 2075 1527 2141 Coe·

500 2155 598 2225 nandi
618 2183 742 2225 morem
763 2161 854 2224 ilum
869 2159 920 2225 die
936 2161 1049 2247 quinto
1063 2159 1274 2225 hebdomadae
1294 2182 1394 2225 sacrae
1413 2159 1527 2225 anobis

501 2247 542 2311 ad
562 2248 821 2311 Ponrcnn'rum
838 2267 871 2332 p.
883 2259 952 2320 375.
968 2246 1030 2310 rol.
1044 2246 1071 2308 Ι.
1092 2259 1398 2324 commemoratum,
1419 2246 1534 2334 quique

500 2331 582 2397 inter
599 2331 679 2396 alios
694 2354 823 2431 quoque
839 2331 1050 2410 Christianos,
1066 2353 1131 2394 non
1146 2329 1250 2395 solum
1265 2331 1528 2419 Quartodecimu-

501 2440 571 2496 nos,
586 2416 763 2482 obtinuisse
779 2416 823 2481 ibi
838 2417 1028 2494 ostenditur,
1043 2416 1175 2502 egregie
1190 2416 1390 2481 demonstrat
1409 2415 1530 2482 Consilii

499 2500 769 2590 'Carthaginiensis
784 2501 872 2566 Sexti
888 2502 1002 2565 Canon
1015 2502 1089 2565 xliv.
1104 2517 1178 2565 aute
1199 2502 1232 2566 in
1250 2500 1314 2565 alio
1332 2502 1475 2567 concilio
1484 2523 1527 2566 se·

501 2588 567 2653 culi
582 2588 686 2675 quarti
702 2588 763 2652 fine
777 2586 937 2664 conditus,
952 2587 985 2651 in
999 2609 1065 2673 quo
1085 2599 1240 2651 statutum
1258 2600 1320 2664 est,
1338 2588 1432 2673 quod
1452 2610 1471 2651 a
1480 2588 1527 2671 je·

491 2672 584 2757 ¹'jonis
595 2672 747 2821 sacrhr'sicia
755 2674 821 2736 Deo
833 2672 1023 2757 offerantur:
1039 2682 1074 2737 ut
1084 2683 1276 2737 sacramenta
1287 2671 1403 2737 altaris
1415 2670 1528 2737 παιπὶιὶ

501 2780 521 2821 a
525 2758 645 2845 jejunis
679 2758 828 2821 ominibus
836 2769 1041 2844 peraguntur,
1051 2771 1186 2844 excepto
1198 2780 1264 2821 uuo
1275 2757 1329 2821 die
1340 2759 1418 2822 anni
1428 2759 1460 2823 in
1470 2778 1526 2845 quo

498 2843 673 2908 Dominica
686 2865 778 2907 coena
791 2845 966 2929 peragitur.
980 2867 1011 2929 p.
1026 2849 1096 2919 567.
1113 2843 1174 2907 vol.
1186 2846 1213 2907 1.
1229 2844 1386 2930 Synodici.
1410 2844 1527 2995 quibus

499 2928 602 2992 verbis
629 2929 858 3013 posterioribus
884 2929 981 3005 diem,
1006 2950 1072 3014 quo
1097 2928 1259 2992 Dominus
1284 2929 1406 3014 pascha
1446 2927 1528 3016 egale

499 3014 654 3092 comedit,
675 3012 844 3098 designari,
860 3014 920 3099 ipsi
941 3028 1051 3099 patres
1074 3013 1203 3078 Consilii
1220 3015 1416 3078 OEmmenici
1437 3013 1527 3090 Sesti,

499 3099 557 3185 qui
575 3100 704 3163 canonis
724 3101 944 3186 exceptionem
963 3100 1171 3184 abrogarunt,
1186 3100 1381 3179 ostendunt;
1407 3101 1528 3185 ὁρίζομεν,

498 3185 658 3272 inquiunt,
673 3189 853 3259 ἀπιςολικαῖς
868 3187 915 3248 καὶ
929 3189 1075 3271 πατρικαῖς
1091 3184 1211 3268 ἑπόμενοι
1225 3184 1423 3268 παραδόσεων,
1434 3188 1472 3268 μὴ
1484 3186 1528 3247 δεῖν

500 3275 527 3334 ἓν
544 3277 738 3358 πεσσαρακοςῇ
759 3277 792 3356 τῇ
814 3270 928 3378 ύςεςαῖᾳ
949 3268 1075 3351 &bufariis
1093 3275 1140 3349 τὴν
1160 3269 1285 3353 erifanius
1307 3270 1394 3350 λύειν,
1409 3272 1457 3334 καὶ
1474 3268 1529 3347 ὅλην

496 3359 547 3434 πῗην
560 3361 768 3444 πεσσαρακοςὴν
782 3359 935 3438 ἀτιμαζειν.
951 3377 983 3440 p.
1000 3369 1068 3418 188.

544 3443 578 3505 P.
597 3457 667 3519 391.
689 3442 711 3504 l.
733 3456 763 3505 5.
793 3442 998 3524 ἀποκάμνουσι]
1025 3442 1100 3504 Ηοσ
1123 3463 1142 3505 e
1164 3463 1218 3506 ses
1239 3440 1391 3506 codicibus
1416 3437 1529 3528 scriptis

499 3549 559 3614 pro
573 3531 737 3609 ἀποκαμέσι
751 3527 891 3612 reposui.

503 3617 505 3621 ’
544 3612 627 3676 Ibid.
641 3612 664 3676 l.
678 3624 708 3687 7.
732 3611 747 3688 ἢ
763 3613 810 3675 καὶ
823 3611 1018 3698 τρυφήσαντες]
1038 3612 1227 3676 Notandum
1243 3624 1304 3692 est,
1314 3634 1435 3679 omnes
1449 3610 1527 3676 codi-

499 3720 553 3760 oes
568 3719 657 3763 meos
672 3697 807 3782 scriptos
822 3709 889 3760 tam
902 3697 1045 3760 Gallicos
1059 3719 1154 3783 quam
1167 3697 1325 3781 Anglicos
1340 3703 1422 3762 ἀλλὰ
1435 3700 1479 3762 καὶ
1490 3722 1525 3782 τη.

499 3783 553 3846 hic
564 3797 716 3869 praestare
728 3794 844 3867 praeter
857 3805 958 3846 unum
970 3780 1066 3845 Bodl.
1080 3797 1146 3846 158.
1158 3797 1191 3846 et
1203 3783 1404 3850 Gentianum
1419 3786 1526 3848 Herre·

499 3884 571 3933 tum
581 3867 693 3932 codicis
706 3865 824 3931 Titiani
835 3868 1053 3952 interpretem,
1062 3865 1111 3930 vel
1121 3866 1215 3931 etiam
1225 3868 1340 3931 Latine
1351 3881 1525 3933 vertentem.
1569 3924 1570 3929 ,

544 3952 628 4017 Ibid.
643 3953 665 4016 l.
677 3971 708 4032 9.
731 3953 775 4016 tto
792 3953 839 4015 καὶ
853 3950 953 4035 μόνας]
969 3951 1103 4016 Addunt
1117 3952 1217 4035 ἡμέρας
1231 3952 1320 4032 editi,
1338 3955 1429 4039 quod
1445 3952 1525 4041 jussu

500 4039 646 4102 omnium
662 4038 813 4104 codicum
828 4037 1119 4123 manuscriptorum
1134 4037 1227 4122 ejeci.
1463 4040 1466 4045 '

545 4123 627 4185 ibid.
643 4124 664 4185 l.
682 4140 728 4186 11.
749 4122 837 4197 ruitae
853 4125 890 4187 ἐκ
905 4124 979 4205 οἶμαι
993 4127 1040 4199 την
1055 4122 1115 4199 ἴσην
1127 4122 1248 4198 ἄθλησιν
1259 4127 1435 4209 carotidas]
1452 4123 1522 4188 Cum

500 4205 534 4268 iu
550 4206 633 4270 codd.
652 4209 816 4294 antiquiss.
832 4215 881 4271 26.
897 4222 929 4272 et
944 4215 992 4271 86.
1007 4230 1027 4270 a
1041 4230 1093 4270 me
1108 4208 1229 4271 lectum
1242 4222 1327 4271 esset
1344 4209 1387 4282 οὓς
1402 4215 1450 4272 οὐκ
1463 4205 1524 4290 οἶμαι

501 4292 568 4355 sine
583 4290 667 4365 αὖτὲς
682 4309 754 4356 aute
769 4300 952 4369 πεποιῆσθαι,
965 4305 998 4356 et
1015 4291 1134 4368 ἄσκησιν
1155 4315 1214 4377 pro
1231 4291 1366 4371 ἄθλησιν,
1381 4293 1468 4367 seirat
1480 4312 1524 4377 per

500 4375 656 4440 incuriam
669 4398 742 4460 ego,
754 4379 809 4440 sed
821 4378 906 4442 haud
921 4379 1015 4464 plane
1029 4377 1177 4454 absurde,
1190 4378 1363 4462 praeposui.
1388 4381 1426 4443 Iu
1441 4377 1525 4442 codice

500 4482 629 4610 rpuoquc
643 4466 712 4523 625.
728 4461 815 4545 prius
830 4465 982 4549 scriptum
998 4478 1066 4527 erat
1083 4462 1203 4548 aliquid
1217 4481 1291 4526 ante
1306 4465 1343 4525 ἐκ
1360 4464 1447 4546 οἶμα,
1459 4463 1526 4527 dum

500 4548 510 4609 i
526 4547 582 4609 iud
602 4544 686 4618 αὐτὲς
704 4545 785 4608 infra
799 4549 916 4611 recenti
933 4572 1031 4612 manu
1047 4548 1191 4612 additum
1207 4561 1266 4611 est.
1305 4549 1426 4612 Itidem
1442 4548 1526 4612 habet
1568 4540 1570 4605 i

502 4630 582 4693 idem
598 4631 662 4693 eorl.
677 4628 805 4706 ἄσκησιν.
829 4633 893 4696 Sed
908 4635 1110 4718 scripturam,
1121 4657 1193 4718 quae
1206 4648 1335 4717 recepta
1348 4651 1410 4712 est,
1422 4634 1528 4709 ἄθλησιν

502 4715 655 4785 iuvenisse
670 4715 701 4780 iu
717 4715 880 4782 codicibus
896 4719 960 4785 suis
977 4720 1118 4786 Zonaras
1132 4734 1164 4784 et
1179 4719 1331 4783 Balsamo
1346 4720 1499 4787 ridentur.
