4092 5675
512 760 575 854 ³9⁸
737 783 740 788 ·
843 764 1203 837 Annoranonus

508 936 686 1027 “primum
709 935 808 1016 ὶκῦολῆ
830 945 963 1023 ττοτοιμοῦ
979 943 1015 1015 εἰς
1032 940 1199 1020 θάλατταν,
1214 931 1541 1029 ἆεὶηᾶοᾶνοντροτὴτοῦ

510 1032 534 1068 “
545 1033 692 1109 ποταμοῦ,
706 1037 745 1089 ut
757 1024 873 1089 diserte
887 1038 973 1089 extat
987 1026 1021 1089 in
1033 1026 1225 1112 AEthiopicis
1241 1025 1413 1092 Heliodori
1427 1026 1470 1093 de
1484 1030 1541 1096 obss

505 1118 534 1153 ⁴‘
548 1111 671 1176 sidione
696 1112 827 1224 Spenea
852 1111 909 1175 ubi
932 1111 1028 1175 simul
1056 1126 1218 1197 ponuntur
1243 1126 1277 1176 et
1299 1111 1397 1177 distin
1447 1123 1541 1182 untur

510 1203 534 1238 “
544 1196 674 1284 χῶμοιτα
688 1224 735 1260 ναν
750 1196 844 1279 ςῦμνοι.
880 1197 946 1260 Sed
964 1195 1020 1260 illa
1035 1196 1167 1282 χώματα
1188 1219 1207 1261 a
1226 1196 1393 1264 Semiraml
1413 1221 1438 1276 ¹e
1455 1200 1541 1270 excl-

504 1283 534 1366 j“
548 1294 626 1365 tata,
642 1295 675 1347 et
695 1282 894 1369 Babylonem
917 1282 958 1347 ab
979 1304 1017 1346 ea
1039 1294 1256 1368 constructam
1274 1296 1370 1382 negat
1389 1285 1539 1366 Berosus,

504 1369 717 1436 “Africanus
732 1389 804 1433 vero
827 1370 853 1432 ἐν
873 1393 891 1429 τ
908 1369 949 1455 a,
969 1376 1178 1454 χρονογραρνῶν
1193 1367 1303 1462 scribit
1316 1369 1391 1434 rllos
1407 1392 1539 1458 aggeres

508 1459 534 1495 ⁶‘
549 1454 632 1519 &c.''
645 1477 679 1544 p.
694 1460 739 1519 16.
753 1451 870 1518 Animo
893 1465 945 1517 v.'
1298 1471 1301 1478 ·
1415 1465 1417 1474 “
1542 1491 1546 1504 ·

553 1541 588 1606 P.
603 1545 669 1606 160.
684 1540 708 1605 l.
720 1553 749 1605 8.
770 1537 865 1603 τοῦτον
880 1538 1007 1626 θυγάτηρ
1019 1539 1101 1625 Ἰοῦς]
1119 1538 1211 1604 Corri
1266 1538 1325 1621 lul,
1341 1539 1438 1629 cujus'
1450 1537 1539 1630 geni·¹

504 1625 590 1708 tirus
606 1624 736 1715 quidem
750 1638 799 1690 est
810 1626 890 1699 Ἰοῦς.
919 1626 1018 1689 Juxta
1032 1637 1129 1711 atque
1144 1560 1296 1709 hocidco
1312 1628 1350 1691 lo
1366 1639 1402 1691 et
1415 1629 1458 1693 ab
1473 1629 1540 1696 He·

507 1710 625 1778 rodoto
638 1711 695 1775 lib.
709 1712 736 1776 I.
752 1731 822 1796 cap.
836 1725 864 1774 1.
877 1722 910 1773 et
923 1732 942 1774 a
957 1709 1117 1810 plerisque
1132 1710 1247 1800 lnacffi
1259 1712 1322 1776 lilia
1336 1712 1474 1792 dicitur3
1488 1714 1541 1782 sed

503 1797 551 1863 'ab
571 1795 735 1875 Acusilao,
750 1798 842 1882 cujus
865 1794 919 1859 hic
942 1795 1089 1861 meminit
1107 1797 1291 1876 Africanus,
1304 1795 1358 1862 alii
1380 1800 1467 1885 patri
1489 1800 1541 1866 tri·

413 1923 417 1929 ·
477 1883 480 1888 ’
505 1881 588 1949 buta
598 1883 712 1962 fuerat,
725 1882 751 1946 si
765 1879 958 1968 Apollodori
972 1882 1184 1968 Epitornatori
1198 1881 1392 1948 credendum
1410 1899 1461 1949 est
1472 1885 1540 1952 inis

505 1967 565 2034 lib.
576 1967 609 2032 ii.
624 1967 730 2055 Κᾶςοορ
746 1968 772 2030 δὲ
788 1972 801 2030 l
815 1965 988 2054 σόγγραψας
1003 1970 1041 2030 τοὶ
1051 1973 1172 2055 χρονικὰ
1186 1970 1365 2053 ἂγνοήματα,
1380 1971 1428 2032 nal
1444 1971 1539 2034 πολλοῦ
1580 1982 1584 1993 “

505 2046 560 2117 miv
573 2060 725 2139 τραγικῶν,
739 2051 852 2140 Ἰνάχου
866 2057 913 2132 τὴν
925 2053 972 2116 'ld
986 2051 1126 2139 λέγουσιν.
1153 2054 1281 2129 Ἡσίοδος
1296 2055 1323 2116 δὲ
1339 2055 1388 2117 καὶ
1405 2055 1539 2120 ’Anausi-

503 2151 576 2218 Mos
587 2143 715 2227 Πειρῆνος
731 2140 814 2218 αὐτὴν
836 2138 919 2221 φασὶν
937 2136 984 2203 ’lai
1005 2138 1135 2225 γέντθοιρ.
1158 2161 1189 2226 p.
1201 2154 1251 2215 75.
1267 2138 1318 2203 ed.
1333 2139 1416 2203 Tan.
1436 2141 1538 2207 Fabri.

508 2225 582 2291 Imo
597 2247 669 2289 vero
684 2224 767 2289 infra
780 2223 822 2289 ad
836 2225 938 2290 Num.
956 2245 1065 2291 xxlv.
1080 2247 1113 2312 p.
1130 2231 1194 2289 165.
1212 2223 1357 2303 eandem,
1371 2225 1482 2306 credo,
1495 2229 1540 2292 ἒοο·

507 2310 627 2378 minam
643 2309 738 2375 filiam
757 2309 938 2376 Promethei
953 2311 1019 2397 ipse
1034 2310 1203 2398 appellavit
1218 2311 1402 2375 Africanus.
1417 2333 1419 2338 ·
1479 2339 1482 2344 ·

553 2395 737 2462 Ibid.l.10.
760 2401 836 2460 κοντοὶ
857 2397 884 2460 li
907 2393 957 2472 nl,
980 2395 1053 2461 τοῦτο
1074 2398 1188 2484 χρόνος,
1208 2399 1306 2473 ἐξῆλθε
1327 2395 1540 2546 ἃο.]Εὲνινιιι·

450 2501 453 2508 ’
506 2495 603 2569 quam
621 2484 749 2547 Mosem
766 2483 882 2547 horum
897 2495 1080 2569 temporum
1103 2483 1259 2568 aequalem
1281 2481 1379 2545 fuisse
1458 2495 1539 2550 rnre²

501 2568 608 2634 'verint
631 2581 746 2655 prater
770 2569 957 2633 Africanum
981 2567 1036 2633 alii
1059 2589 1124 2655 quo
1148 2584 1195 2631 ue·
1214 2567 1337 2631 nobiles
1358 2567 1539 2655 scriptores,

505 2664 615 2719 tamen
626 2653 772 2739 egressos
782 2654 880 2719 fuisse
895 2654 1052 2718 Hebraeos
1063 2675 1102 2717 ex
1156 2668 1261 2740 gypto
1275 2652 1434 2719 ducentos
1449 2654 1540 2720 circi·

506 2749 556 2803 ter
569 2761 669 2804 annos
687 2754 762 2826 post
780 2740 934 2803 Inachum
951 2754 983 2803 at
1006 2761 1047 2803 ue
1061 2738 1226 2827 Ogygem,
1241 2736 1335 2802 fidem
1352 2738 1429 2804 fecit
1445 2740 1539 2805 chro-

505 2823 635 2911 nologis
653 2824 812 2973 plerispue
833 2763 1063 2889 recentiorilsus
1084 2824 1252 2904 Eusebius,
1258 2824 1325 2975 ἕροὶ
1345 2823 1470 2891 interea¹
1488 2848 1538 2891 os·

505 2909 619 2989 tendit,
634 2923 679 2974 art
700 2912 761 2975 Sca
773 2910 842 2997 iger
856 2908 1062 2998 Prolegomm.
1082 2911 1114 2974 in
1128 2911 1240 2997 Ejusd.
1305 2909 1426 2991 runica,
1435 2918 1459 2952 ‘⁶
1471 2932 1537 2977 maa

503 3000 528 3036 ‘⁸
537 2993 643 3084 jore'm
669 2995 799 3083 quidem
825 3009 1014 3061 vetustatem
1042 2996 1147 3062 Mosis
1172 3018 1253 3074 esse,
1278 3018 1374 3082 quam
1406 3018 1537 3062 omnem

503 3086 528 3122 “
543 3081 608 3145 fere
629 3081 817 3146 memoriam
839 3081 992 3146 intervalli
1012 3082 1160 3167 gentium
1182 3081 1328 3169 mythici,
1350 3082 1407 3148 sed
1430 3097 1537 3149 tamen

502 3170 530 3208 '“
544 3170 608 3231 no'n
625 3181 760 3246 tantam,
779 3181 899 3267 quanta
915 3167 1071 3232 Africano
1090 3169 1155 3232 visa
1173 3168 1255 3231 est.''
1269 3188 1301 3252 p.
1312 3181 1343 3231 3.
1382 3168 1448 3233 Sed
1467 3189 1538 3234 vero

504 3253 546 3320 ab
568 3252 637 3318 aliis
659 3253 819 3318 nonnullis
840 3252 973 3340 praelata
993 3268 1068 3319 sunt
1089 3252 1264 3317 rationibus
1290 3252 1422 3317 Eusebii
1448 3253 1537 3319 testi·

505 3339 615 3404 monia
628 3352 771 3405 veterum
790 3338 830 3403 de
852 3339 956 3403 Mosis
972 3352 1070 3427 atque
1086 3337 1197 3422 lnachi
1213 3349 1246 3401 et
1261 3337 1316 3402 filii
1328 3337 1399 3425 ejus
1415 3339 1538 3404 Phoro-

505 3425 557 3489 nei
577 3425 842 3512 synchronism03
865 3425 948 3489 inter
962 3447 1045 3510 quos
1065 3421 1276 3489 recensendus
1291 3437 1340 3489 est
1354 3424 1538 3491 Perizonius

504 3509 537 3576 in
560 3509 683 3597 Origin.
698 3513 837 3598 AEgypt.
857 3531 927 3596 cap.
943 3509 986 3574 iii.
1004 3532 1036 3596 p.
1047 3524 1098 3574 35.
1113 3524 1146 3574 et
1167 3509 1253 3573 alibi.
1299 3509 1394 3574 Plura
1414 3509 1478 3576 hac
1499 3509 1538 3576 de

504 3616 539 3661 re
553 3595 623 3659 vide
638 3597 670 3660 in
684 3607 751 3660 not.
766 3595 807 3660 ad
823 3596 924 3660 Num.
941 3600 1059 3660 xx'111.
1103 3595 1194 3659 False
1209 3607 1317 3659 autem
1332 3609 1440 3661 narrat
1455 3597 1538 3685 Syn·

503 3679 606 3746 cellas¹
615 3679 656 3744 ad
670 3702 701 3767 p.
716 3695 781 3744 121.
797 3679 1058 3768 Chronogrnphioe
1071 3703 1147 3757 suae,
1158 3679 1344 3744 Africanum
1360 3702 1437 3745 cum
1452 3680 1537 3747 mul·

503 3767 545 3845 tis
565 3765 634 3843 aliis
648 3787 688 3829 ex
701 3766 859 3832 veteribus
874 3766 1078 3853 adscripsisse
1097 3767 1202 3830 Mosis
1221 3764 1343 3830 natales
1362 3765 1405 3830 ad
1425 3766 1537 3832 Inachi

502 3863 641 3937 tempus,
655 3868 824 3938 propterea
844 3874 863 3915 a
882 3853 1046 3939 Scaligero
1090 3850 1139 3916 lus
1160 3850 1258 3915 semel
1280 3852 1446 3937 vapulans,
1461 3874 1536 3941 curn

502 3937 608 4003 Mosis
624 3937 753 4024 quidem
768 3937 899 4018 exodus,
914 3960 977 4000 non
993 3874 1122 4016 natalias,
1138 3935 1336 4022 temporibus
1352 3935 1415 4001 illis
1430 3939 1474 4002 ab
1488 3938 1536 4003 his¹

500 4023 660 4089 ‘veteribus
682 4023 875 4108 alligaretur.
919 4024 1036 4110 Neque
1057 4022 1089 4085 in
1111 4022 1214 4086 isthac
1236 4043 1269 4085 rc
1291 4021 1420 4086 defendi
1442 4043 1537 4108 posse

502 4106 687 4193 syncellum
703 4123 795 4193 pute,
810 4108 935 4172 etiamsi
959 4108 1134 4173 secundum
1155 4106 1299 4171 Africani
1319 4107 1459 4171 rationes
1477 4107 1537 4193 (uti

500 4192 650 4278 exposuit
674 4192 743 4256 illas
756 4193 914 4278 ‘Scaliger
936 4193 977 4256 ad
1003 4215 1079 4280 pag.
1092 4208 1142 4257 22.
1162 4192 1328 4257 Animadv.
1352 4191 1386 4255 ἱνι
1407 4193 1537 4258 Ειοονῦίἑ
1585 4198 1587 4205 ’

503 4275 666 4358 Chronico)
684 4278 852 4365 Ogygium
869 4278 1034 4357 diluvium,
1051 4279 1103 4342 cui
1123 4277 1228 4342 Mosis
1243 4276 1382 4341 exodum
1403 4278 1536 4367 σύγχρο-

501 4382 543 4430 νον
559 4362 729 4427 Al'ricanus
753 4364 841 4447 facit,
859 4363 900 4428 ad
922 4387 1090 4429 numerum
1111 4363 1326 4428 Eusebianum
1342 4383 1456 4442 ccxx,
1473 4364 1536 4445 hoc

500 4461 551 4514 est
572 4470 690 4513 annum
714 4468 751 4513 x.
776 4446 935 4513 Phoronei
957 4449 1012 4512 filii
1035 4448 1146 4513 Inachi
1168 4448 1364 4533 contigerit-3
1392 4471 1469 4512 nam
1491 4449 1536 4515 ita

499 4528 566 4622 quo
589 4556 629 4599 ue
648 4533 754 4598 Mosis
777 4535 908 4614 natales,
924 4536 979 4622 qui
993 4557 1150 4599 annorum
1165 4535 1226 4598 fuit
1239 4532 1417 4618 octoginta,
1432 4557 1535 4622 quum

499 4639 539 4685 ex
583 4639 589 4665 ⁴
621 4632 700 4706 ypto
716 4619 837 4697 exierit,
853 4623 1019 4720 nequirent
1035 4620 1076 4684 ad
1097 4620 1206 4684 Inachi
1220 4632 1349 4705 tempus
1363 4620 1534 4706 pertinere,

497 4701 555 4770 sen
566 4704 594 4770 'e'
637 4726 672 4771 rn
685 4701 842 4773 anteirent
857 4728 913 4795 qur
930 4727 1031 4773 annos
1045 4720 1172 4774 tantum
1186 4720 1236 4772 50.
1255 4726 1409 4794 regnasse
1420 4705 1535 4773 fertur.
