4092 5675
509 764 573 851 ,ιι
844 699 1205 830 rurorinoms

507 955 579 1015 nus,
600 944 640 1001 ut
664 934 860 1021 argumentis
886 956 924 1000 ac
948 932 1056 1012 dubiis
1080 930 1307 999 nonnullorum
1329 932 1545 1003 satisfaceret.

507 1020 585 1087 Hoc
594 1018 693 1107 χρόνον
704 1018 834 1107 quidem
846 1021 964 1103 amigo,
973 1033 1011 1086 ut
1021 1020 1089 1107 ipse
1097 1020 1142 1084 ait
1150 1019 1382 1107 chronologus,
1391 1042 1459 1087 non
1468 1040 1545 1088 vera

507 1117 596 1171 totos
615 1126 714 1169 annos
729 1104 924 1193 quindecim,
939 1106 995 1205 qui
1012 1106 1089 1171 satis
1110 1128 1205 1193 super
1229 1125 1270 1170 ue
1282 1117 1369 1184 sunt
1383 1122 1541 1173 removet.

507 1189 608 1277 Quod
626 1202 734 1255 autem
750 1193 869 1256 fecerat
881 1191 1064 1272 maanus,
1078 1191 1113 1255 id
1133 1128 1335 1279 Apollinaris
1354 1190 1546 1259 Laodicena

505 1287 619 1361 postea
632 1298 729 1341 causa
742 1276 813 1356 fuit,
827 1289 865 1342 ut
878 1276 1060 1341 universum
1079 1275 1176 1364 hujus
1189 1275 1327 1341 vaticinii
1344 1277 1489 1363 epatium
1502 1277 1542 1343 dc

490 1361 708 1447 ⁸temporibus
717 1375 790 1448 post
801 1375 911 1427 natum
923 1361 1088 1427 Christum
1101 1362 1374 1448 interpretaretur.
1396 1364 1449 1426 lta
1457 1362 1541 1428 enim

507 1445 728 1535 Hieronymus
747 1469 817 1534 cap.
832 1465 862 1527 9.
881 1445 1046 1512 Commio
1061 1448 1147 1511 Dan.
1189 1446 1312 1511 Arserit
1334 1457 1441 1512 autera
1463 1448 1542 1513 idem

505 1530 724 1616 Apollinarirrs
748 1532 826 1597 hanc
847 1554 881 1597 se
906 1542 1076 1619 temporam
1097 1548 1205 1619 capere
1226 1532 1446 1617 conjecturam,
1468 1533 1541 1621 qaia

504 1616 677 1704 Africanus
696 1618 827 1703 scriptor
846 1628 1028 1703 temporam,
1043 1617 1130 1703 cujas
1144 1633 1238 1703 supra
1251 1617 1475 1703 expositionem
1485 1634 1539 1705 po·

505 1702 566 1783 sai,
590 1702 737 1767 altimum
758 1703 977 1768 hebdomadam
990 1702 1062 1790 flore
1084 1703 1192 1767 maadi
1215 1724 1278 1767 esse
1300 1713 1457 1769 testetur.-
1488 1726 1542 1768 rrec

504 1802 593 1873 posse
596 1787 721 1873 fierint
727 1790 853 1874 junctae
863 1788 1044 1853 dividantur
1055 1799 1166 1853 aetates
1171 1816 1184 1868 ‚·
1199 1789 1252 1852 sed
1262 1787 1366 1853 omnia
1376 1788 1438 1853 sibi
1458 1789 1466 1804 '
1508 1800 1540 1853 ta

500 1873 698 1959 prophetiam
711 1874 857 1939 Danielis
876 1896 939 1939 esse
956 1885 1093 1959 tempora
1110 1872 1292 1959 copulanda.
1337 1874 1424 1938 Haec
1493 1878 1539 1940 A·

501 1959 668 2044 'pellicarii
683 1959 840 2023 sententis
852 1959 1090 2046 Hieronymum
1106 1974 1144 2025 ut
1157 1973 1243 2025 recte
1253 1957 1402 2044 exposita
1412 1981 1485 2024 esse
1494 1962 1539 2024 A·

504 2044 618 2109 frisani
629 2044 730 2110 nostri
741 2044 888 2108 verbade
902 2046 963 2109 fine
975 2044 1088 2111 mundi
1099 2044 1275 2110 videantur.
1297 2045 1390 2192 quin
1399 2058 1433 2109 et
1444 2044 1540 2131 scrip

504 2143 559 2195 tor
570 2130 715 2196 Africani
730 2130 872 2231 aequalis,
886 2131 1009 2194 Auctor
1026 2130 1170 2217 Gompmr'
1180 2131 1218 2194 de
1230 2132 1352 2195 Pascra
1365 2129 1408 2194 ad
1421 2129 1539 2196 calcem

507 2215 658 2303 Cypriani
672 2216 707 2281 in
723 2215 801 2280 edit.
818 2214 896 2280 Felli
910 2215 1098 2295 collocatus,
1114 2238 1189 2281 curn
1207 2237 1247 2279 eo
1264 2215 1470 2280 consentiens
1483 2215 1540 2280 do·

503 2315 567 2383 cet,
594 2301 829 2367 hebdomadem
854 2324 952 2366 unam
978 2314 1276 2401 segregatamesse
1298 2302 1340 2365 ab
1361 2300 1482 2388 angelo
1502 2301 1540 2366 de

505 2387 720 2475 septuaginta,
732 2400 765 2453 et
777 2387 912 2475 positam
928 2387 961 2451 in
973 2387 1144 2451 novissrma
1155 2386 1265 2457 saeculi
1279 2399 1437 2473 tempora.
1476 2393 1539 2453 .68.

504 2473 625 2539 Eadem
650 2495 779 2561 quoque
800 2472 958 2537 sententia
973 2472 1137 2621 placuisse
1155 2473 1189 2536 S.
1205 2472 1393 2559 Hippolyto
1407 2471 1437 2537 vi
1460 2484 1539 2538 ctur.

503 2558 583 2626 Vid.
599 2560 716 2625 Libell.
732 2559 802 2646 ejus
813 2559 864 2622 De
874 2557 972 2622 Antis
993 2558 1067 2622 sisto
1082 2580 1156 2623 cum
1171 2557 1259 2637 alibi,
1271 2570 1343 2622 tum
1359 2559 1392 2640 §.
1404 2568 1456 2623 411.
1478 2556 1538 2623 Sed

503 2657 538 2711 et
551 2657 627 2710 ante
641 2644 830 2709 Africanum
846 2642 998 2708 Clemens
1013 2644 1120 2723 Alex„
1135 2665 1211 2708 cum
1224 2643 1340 2708 ultima
1353 2641 1455 2730 hujus
1468 2663 1540 2730 pro·

504 2730 623 2818 phetiae
637 2743 784 2817 tempora
798 2751 818 2793 a
822 2729 1084 2878 (praecedentibus
1099 2728 1245 2794 similiter
1258 2727 1462 2817 sejunxisset,
1471 2750 1539 2816 per·

502 2817 605 2881 tinere
621 2837 660 2880 ea
673 2816 786 2881 statuit
803 2838 822 2878 a
858 2837 958 2879 annos
972 2827 1120 2902 posteros
1134 2814 1285 2894 Neronis,
1299 2826 1399 2901 atque
1414 2826 1482 2880 tem
1503 2837 1538 2880 us

502 2922 542 2967 ex
552 2901 700 2988 proximo
709 2922 846 2987 sequens
858 2900 899 2964 ad
910 2922 1012 2986 usque
1023 2901 1174 2965 Hierosol
1200 2923 1285 2965 marn
1296 2921 1450 2965 eversam.
1498 2899 1539 2966 id

501 2987 560 3052 lib.
577 2988 604 3050 I.
623 2985 735 3051 Strom.
751 3007 827 3073 pag.
838 2997 908 3063 394.
923 2984 975 3049 ed.
993 2986 1124 3050 Potteri.
1187 2985 1287 3051 imilia
1300 2984 1401 3051 habet
1414 2986 1539 3053 Auctor

501 3085 816 3159 supramemoratus
840 3069 982 3136 Chronici
1003 3070 1165 3137 Paschalis
1185 3072 1236 3136 ad
1248 3093 1282 3157 p.
1303 3077 1372 3135 165.
1418 3070 1540 3138 Contra

501 3179 577 3223 vero
591 3170 684 3223 notat
700 3157 883 3236 Africanus,
900 3156 956 3243 qui
977 3157 1019 3221 ad
1041 3157 1148 3243 ipsum
1171 3156 1285 3222 mundi
1307 3157 1405 3221 finem
1426 3156 1540 3223 ultima

502 3243 573 3308 haec
589 3242 698 3323 trahit,
714 3243 792 3307 nihil
808 3242 875 3307 fere
890 3241 1047 3322 mirabile,
1063 3265 1129 3329 quo
1149 3243 1257 3307 referri
1278 3241 1381 3328 possit
1398 3242 1539 3330 prophe·

501 3329 558 3409 tia,
570 3330 603 3394 in
616 3329 770 3415 temporis
785 3341 859 3414 post
871 3327 1039 3392 Christum
1054 3349 1158 3415 usque
1174 3328 1217 3392 ad
1231 3350 1325 3392 suum
1340 3328 1447 3414 spatio
1461 3351 1538 3394 con-

500 3415 625 3504 tigisse.
657 3417 709 3481 Ita
722 3416 807 3480 enim
821 3415 916 3479 verba
930 3413 1125 3499 interpungo
1141 3427 1175 3478 et
1188 3414 1346 3500 intelligo,
1357 3415 1422 3494 μετ’
1438 3417 1538 3493 ἐκεῖνα,

502 3507 538 3577 εἰς
552 3507 624 3584 ἡμᾶς
637 3501 682 3578 ἔτη
698 3501 826 3564 διακόσια
839 3500 937 3586 ἐγγὺς,
953 3500 1000 3562 aori
1016 3501 1076 3583 sidia
1090 3499 1208 3586 ἐνμέσῳ
1228 3500 1390 3587 παράδοξον
1410 3498 1537 3588 ἶςόριτσι,

502 3609 575 3675 quae
592 3586 679 3650 haud
692 3587 778 3671 cepit
793 3587 920 3649 Goarus
934 3584 1101 3670 interpres.

546 3672 709 3736 Caeterum
725 3693 799 3736 cum
819 3670 851 3734 in
871 3671 1012 3757 Syncelli
1032 3684 1123 3734 textu
1136 3683 1169 3735 et
1183 3667 1336 3756 Scaligeri
1352 3669 1538 3736 Easeliarris

501 3780 510 3823 ι
525 3780 587 3859 pro
601 3757 729 3820 διακόσια
743 3777 908 3843 perperam
930 3756 1086 3841 scriptum
1108 3768 1203 3835 esset,
1219 3754 1409 3820 Sciedarum
1422 3755 1538 3821 Barla·

501 3847 644 3910 renarrem
666 3842 762 3908 lectio
785 3840 914 3906 διακόσια
936 3863 956 3904 a
981 3842 1092 3907 Goaro
1114 3842 1145 3905 in
1171 3841 1313 3905 versione
1340 3863 1401 3906 sua
1424 3842 1539 3908 Latina

501 3929 646 4018 praestari
660 3928 809 4008 debehat,
821 3950 893 4016 quae
909 3926 941 3991 in
956 3926 1057 3991 altero
1071 3948 1201 4027 quoque
1214 3948 1254 3991 ex
1270 3925 1426 3991 Porisinis
1442 3928 1537 4014 scrip·

501 4015 544 4080 tis
555 4028 653 4082 extat.
697 4016 784 4080 Nam
801 4027 927 4078 tantum
942 4012 1009 4077 fere
1023 4026 1179 4099 temporrs
1193 4011 1332 4098 spatium
1350 4026 1537 4099 computare

501 4101 616 4164 solitus
640 4112 689 4164 est
709 4099 882 4164 Africanus
903 4121 923 4162 a
943 4112 1050 4164 morte
1067 4098 1190 4162 Christi
1212 4097 1253 4162 ad
1272 4109 1402 4161 aetatem
1423 4121 1537 4178 suam3

499 4197 539 4252 ut
564 4198 691 4250 constat
713 4197 780 4249 tam
806 4207 846 4250 ex
868 4183 1004 4271 hujusce
1028 4183 1128 4270 ρἦειις
1151 4184 1223 4262 fine,
1249 4205 1348 4269 quam
1367 4204 1410 4247 ex
1434 4184 1536 4249 Num.

500 4272 744 4336 xxxv111.ubi
757 4291 859 4335 annus
873 4270 927 4334 ille
941 4291 961 4333 a
974 4269 1099 4336 mundo
1109 4268 1240 4334 condito
1254 4279 1343 4343 5713.
1360 4267 1536 4354 Elagabalo

498 4368 633 4422 tunore
679 4367 763 4434 ante,
785 4366 1068 4434 commemoratur,
1091 4379 1110 4420 a
1132 4378 1199 4442 quo
1220 4353 1352 4440 quidem
1373 4375 1460 4418 anno
1480 4354 1535 4418 de·

500 4441 607 4508 ductis
623 4440 630 4455 '
646 4439 684 4504 lis
698 4453 788 4518 5531,
801 4462 884 4528 quos
901 4440 1023 4506 Christi
1038 4454 1176 4507 mortem
1191 4438 1374 4526 praecedere
1387 4438 1475 4504 idem
1488 4441 1536 4504 A·

497 4527 638 4594 fricanus
652 4525 677 4590 si
725 4524 799 4604 avit,
814 4526 930 4612 reliqui
943 4526 1018 4590 anni
1032 4527 1199 4604 erint'192.

543 4614 578 4676 Ρ.
592 4628 660 4692 190.
696 4617 768 4676 .16.
791 4611 900 4693 livam
921 4613 960 4675 δὲ»
973 4613 1021 4676 καὶ
1045 4612 1129 4695 ipis
1154 4612 1229 4696 &c.]
1258 4607 1453 4674 Particulam
1478 4609 1535 4686 real,

497 4717 572 4788 quae
592 4698 684 4766 abest
698 4707 724 4764 'a
743 4696 885 4787 Syncelli
908 4709 1010 4780 testu,
1029 4697 1195 4765 addiderat
1215 4694 1371 4783 Scaliger,
1391 4694 1535 4763 firmante
