<?xml version="1.0" encoding="UTF-8"?>
<!DOCTYPE html PUBLIC "-//W3C//DTD XHTML 1.0 Transitional//EN"
    "http://www.w3.org/TR/xhtml1/DTD/xhtml1-transitional.dtd">
<html xmlns="http://www.w3.org/1999/xhtml" xml:lang="en" lang="en">
 <head>
  <title>
</title>
<meta http-equiv="Content-Type" content="text/html;charset=utf-8" />
  <meta name='ocr-system' content='tesseract 3.04.00' />
  <meta name='ocr-capabilities' content='ocr_page ocr_carea ocr_par ocr_line ocrx_word'/>
</head>
<body>
  <div class='ocr_page' id='page_1' title='image "./reliquiaesacrae09routgoog_0312.png"; bbox 0 0 4092 5675; ppageno 0'>
   <div class='ocr_carea' id='block_1_1' title="bbox 587 774 1401 864">
    <p class='ocr_par' dir='ltr' id='par_1_1' title="bbox 587 774 1401 864">
     <span class='ocr_line' id='line_1_1' title="bbox 587 774 1401 864; baseline 0 -22"><span class='ocrx_word' id='word_1_1' title='bbox 587 795 652 864; x_wconf 73' lang='lat'><strong>312</strong></span> <span class='ocrx_word' id='word_1_2' title='bbox 925 774 1287 844; x_wconf 75' lang='lat' dir='ltr'><strong>Annornrrorsrs</strong></span> <span class='ocrx_word' id='word_1_3' title='bbox 1399 793 1401 798; x_wconf 96' lang='lat'>·</span> 
     </span>
    </p>
   </div>
   <div class='ocr_carea' id='block_1_2' title="bbox 586 945 1660 2229">
    <p class='ocr_par' dir='ltr' id='par_1_2' title="bbox 587 945 1638 1440">
     <span class='ocr_line' id='line_1_2' title="bbox 590 945 1632 1033; baseline 0.001 -20"><span class='ocrx_word' id='word_1_4' title='bbox 590 946 673 1014; x_wconf 88' lang='lat' dir='ltr'><strong>tium</strong></span> <span class='ocrx_word' id='word_1_5' title='bbox 688 963 835 1013; x_wconf 78' lang='lat' dir='ltr'><strong>xxxrrr.</strong></span> <span class='ocrx_word' id='word_1_6' title='bbox 851 945 1034 1033; x_wconf 77' lang='lat' dir='ltr'>assignavit.</span> <span class='ocrx_word' id='word_1_7' title='bbox 1070 946 1238 1011; x_wconf 83' lang='lat' dir='ltr'>Conferet</span> <span class='ocrx_word' id='word_1_8' title='bbox 1256 967 1289 1033; x_wconf 91' lang='lat' dir='ltr'><strong>p.</strong></span> <span class='ocrx_word' id='word_1_9' title='bbox 1309 961 1375 1011; x_wconf 79' lang='lat'>152.</span> <span class='ocrx_word' id='word_1_10' title='bbox 1417 948 1517 1013; x_wconf 88' lang='lat' dir='ltr'><strong>Porro</strong></span> <span class='ocrx_word' id='word_1_11' title='bbox 1534 947 1632 1014; x_wconf 90' lang='lat' dir='ltr'><strong>iula-</strong></span> 
     </span>
     <span class='ocr_line' id='line_1_3' title="bbox 591 1030 1633 1119; baseline 0.002 -22"><span class='ocrx_word' id='word_1_12' title='bbox 591 1032 729 1111; x_wconf 82' lang='lat' dir='ltr'><strong>terculo,</strong></span> <span class='ocrx_word' id='word_1_13' title='bbox 743 1052 839 1118; x_wconf 89' lang='lat' dir='ltr'><strong>quem</strong></span> <span class='ocrx_word' id='word_1_14' title='bbox 856 1030 984 1097; x_wconf 82' lang='lat' dir='ltr'><strong>Castori</strong></span> <span class='ocrx_word' id='word_1_15' title='bbox 1000 1031 1157 1098; x_wconf 87' lang='lat' dir='ltr'><strong>tributum</strong></span> <span class='ocrx_word' id='word_1_16' title='bbox 1173 1031 1318 1119; x_wconf 78' lang='lat' dir='ltr'><strong>Scaliger</strong></span> <span class='ocrx_word' id='word_1_17' title='bbox 1333 1032 1441 1098; x_wconf 86' lang='lat' dir='ltr'><strong>attulit</strong></span> <span class='ocrx_word' id='word_1_18' title='bbox 1454 1033 1488 1098; x_wconf 93' lang='lat' dir='ltr'><strong>in</strong></span> <span class='ocrx_word' id='word_1_19' title='bbox 1506 1033 1633 1099; x_wconf 82' lang='lat' dir='ltr'><strong>Groecis</strong></span> 
     </span>
     <span class='ocr_line' id='line_1_4' title="bbox 592 1115 1631 1207; baseline 0.002 -24"><span class='ocrx_word' id='word_1_20' title='bbox 592 1116 762 1184; x_wconf 79' lang='lat' dir='ltr'><strong>Emedian.</strong></span> <span class='ocrx_word' id='word_1_21' title='bbox 786 1115 828 1182; x_wconf 86' lang='lat' dir='ltr'><strong>ad</strong></span> <span class='ocrx_word' id='word_1_22' title='bbox 853 1138 931 1204; x_wconf 81' lang='lat' dir='ltr'><strong>pag.</strong></span> <span class='ocrx_word' id='word_1_23' title='bbox 955 1133 1002 1196; x_wconf 86' lang='lat'><strong>19.</strong></span> <span class='ocrx_word' id='word_1_24' title='bbox 1029 1118 1104 1182; x_wconf 87' lang='lat' dir='ltr'><strong>anni</strong></span> <span class='ocrx_word' id='word_1_25' title='bbox 1126 1138 1188 1182; x_wconf 79' lang='lat' dir='ltr'><strong>xa.</strong></span> <span class='ocrx_word' id='word_1_26' title='bbox 1211 1118 1274 1183; x_wconf 90' lang='lat' dir='ltr'><strong>hoc</strong></span> <span class='ocrx_word' id='word_1_27' title='bbox 1297 1117 1397 1183; x_wconf 91' lang='lat' dir='ltr'><strong>modo</strong></span> <span class='ocrx_word' id='word_1_28' title='bbox 1418 1119 1631 1207; x_wconf 74' lang='lat' dir='ltr'><strong>colliguntur.</strong></span> 
     </span>
     <span class='ocr_line' id='line_1_5' title="bbox 590 1201 1632 1292; baseline 0.002 -23"><span class='ocrx_word' id='word_1_29' title='bbox 590 1202 772 1269; x_wconf 77' lang='lat' dir='ltr'>Archelaus</span> <span class='ocrx_word' id='word_1_30' title='bbox 789 1225 862 1268; x_wconf 86' lang='lat' dir='ltr'><strong>anu.</strong></span> <span class='ocrx_word' id='word_1_31' title='bbox 877 1224 903 1267; x_wconf 91' lang='lat'><strong>1.</strong></span> <span class='ocrx_word' id='word_1_32' title='bbox 919 1201 1141 1268; x_wconf 83' lang='lat' dir='ltr'><strong>Automedon.</strong></span> <span class='ocrx_word' id='word_1_33' title='bbox 1157 1224 1230 1268; x_wconf 85' lang='lat' dir='ltr'><strong>ann.</strong></span> <span class='ocrx_word' id='word_1_34' title='bbox 1246 1223 1273 1267; x_wconf 89' lang='lat'><strong>1.</strong></span> <span class='ocrx_word' id='word_1_35' title='bbox 1286 1203 1486 1292; x_wconf 87' lang='lat' dir='ltr'><strong>Theoclytus</strong></span> <span class='ocrx_word' id='word_1_36' title='bbox 1506 1219 1586 1271; x_wconf 83' lang='lat' dir='ltr'><strong>ann.</strong></span> <span class='ocrx_word' id='word_1_37' title='bbox 1596 1217 1632 1271; x_wconf 77' lang='lat'><strong>4.</strong></span> 
     </span>
     <span class='ocr_line' id='line_1_6' title="bbox 590 1287 1638 1377; baseline 0.001 -22"><span class='ocrx_word' id='word_1_38' title='bbox 590 1291 723 1355; x_wconf 84' lang='lat' dir='ltr'><strong>Euneos</strong></span> <span class='ocrx_word' id='word_1_39' title='bbox 744 1310 817 1353; x_wconf 82' lang='lat' dir='ltr'><strong>ann.</strong></span> <span class='ocrx_word' id='word_1_40' title='bbox 836 1293 866 1354; x_wconf 86' lang='lat'><strong>6.</strong></span> <span class='ocrx_word' id='word_1_41' title='bbox 892 1287 1100 1354; x_wconf 84' lang='lat' dir='ltr'><strong>Theonomus</strong></span> <span class='ocrx_word' id='word_1_42' title='bbox 1119 1309 1192 1354; x_wconf 83' lang='lat' dir='ltr'><strong>ann.</strong></span> <span class='ocrx_word' id='word_1_43' title='bbox 1211 1305 1242 1368; x_wconf 86' lang='lat'><strong>9.</strong></span> <span class='ocrx_word' id='word_1_44' title='bbox 1264 1288 1471 1377; x_wconf 84' lang='lat' dir='ltr'><strong>Amphigyes</strong></span> <span class='ocrx_word' id='word_1_45' title='bbox 1488 1313 1567 1356; x_wconf 87' lang='lat' dir='ltr'><strong>ann.</strong></span> <span class='ocrx_word' id='word_1_46' title='bbox 1582 1304 1638 1356; x_wconf 74' lang='lat' dir='ltr'><strong>la.¹</strong></span> 
     </span>
     <span class='ocr_line' id='line_1_7' title="bbox 587 1373 937 1440; baseline 0.003 -3"><span class='ocrx_word' id='word_1_47' title='bbox 587 1373 805 1440; x_wconf 81' lang='lat' dir='ltr'><strong>Charidemus</strong></span> <span class='ocrx_word' id='word_1_48' title='bbox 819 1385 902 1440; x_wconf 63' lang='lat' dir='ltr'><strong>sun:</strong></span> <span class='ocrx_word' id='word_1_49' title='bbox 911 1388 937 1438; x_wconf 84' lang='lat'><strong>1.</strong></span> 
     </span>
    </p>

    <p class='ocr_par' dir='ltr' id='par_1_3' title="bbox 586 1457 1660 2229">
     <span class='ocr_line' id='line_1_8' title="bbox 630 1457 1633 1543; baseline 0 -16"><span class='ocrx_word' id='word_1_50' title='bbox 630 1461 670 1528; x_wconf 83' lang='lat' dir='ltr'><strong>P.</strong></span> <span class='ocrx_word' id='word_1_51' title='bbox 686 1466 754 1525; x_wconf 82' lang='lat'>168.</span> <span class='ocrx_word' id='word_1_52' title='bbox 765 1457 788 1524; x_wconf 88' lang='lat' dir='ltr'><strong>l.</strong></span> <span class='ocrx_word' id='word_1_53' title='bbox 799 1472 849 1524; x_wconf 82' lang='grc'><strong>34.</strong></span> <span class='ocrx_word' id='word_1_54' title='bbox 870 1459 945 1525; x_wconf 88' lang='lat' dir='ltr'><strong>anni</strong></span> <span class='ocrx_word' id='word_1_55' title='bbox 960 1460 1176 1543; x_wconf 82' lang='lat' dir='ltr'><strong>cccxxv11.]</strong></span> <span class='ocrx_word' id='word_1_56' title='bbox 1189 1459 1357 1525; x_wconf 85' lang='lat' dir='ltr'><strong>Stabilitur</strong></span> <span class='ocrx_word' id='word_1_57' title='bbox 1368 1483 1524 1526; x_wconf 86' lang='lat' dir='ltr'><strong>numerus</strong></span> <span class='ocrx_word' id='word_1_58' title='bbox 1537 1460 1633 1527; x_wconf 88' lang='lat' dir='ltr'><strong>initio</strong></span> 
     </span>
     <span class='ocr_line' id='line_1_9' title="bbox 590 1544 1633 1631; baseline 0.001 -21"><span class='ocrx_word' id='word_1_59' title='bbox 590 1559 789 1610; x_wconf 82' lang='lat' dir='ltr'><strong>memoratus</strong></span> <span class='ocrx_word' id='word_1_60' title='bbox 801 1564 983 1610; x_wconf 84' lang='lat' dir='ltr'><strong>cccxxrx.</strong></span> <span class='ocrx_word' id='word_1_61' title='bbox 994 1566 1034 1609; x_wconf 86' lang='lat' dir='ltr'><strong>ex</strong></span> <span class='ocrx_word' id='word_1_62' title='bbox 1046 1544 1289 1631; x_wconf 84' lang='lat' dir='ltr'><strong>computatione</strong></span> <span class='ocrx_word' id='word_1_63' title='bbox 1303 1545 1422 1610; x_wconf 85' lang='lat' dir='ltr'>ibidem</span> <span class='ocrx_word' id='word_1_64' title='bbox 1437 1545 1531 1611; x_wconf 79' lang='lat' dir='ltr'><strong>inim.</strong></span> <span class='ocrx_word' id='word_1_65' title='bbox 1556 1546 1633 1611; x_wconf 77' lang='lat' dir='ltr'><strong>Cae·</strong></span> 
     </span>
     <span class='ocr_line' id='line_1_10' title="bbox 590 1629 1632 1718; baseline -0.001 -21"><span class='ocrx_word' id='word_1_66' title='bbox 590 1644 696 1698; x_wconf 84' lang='lat' dir='ltr'><strong>terum</strong></span> <span class='ocrx_word' id='word_1_67' title='bbox 722 1631 767 1696; x_wconf 87' lang='lat' dir='ltr'><strong>ait</strong></span> <span class='ocrx_word' id='word_1_68' title='bbox 791 1630 874 1694; x_wconf 85' lang='lat' dir='ltr'><strong>Scali</strong></span> <span class='ocrx_word' id='word_1_69' title='bbox 900 1651 935 1693; x_wconf 92' lang='lat' dir='ltr'><strong>er</strong></span> <span class='ocrx_word' id='word_1_70' title='bbox 949 1629 1118 1696; x_wconf 81' lang='lat' dir='ltr'><strong>Animadv.</strong></span> <span class='ocrx_word' id='word_1_71' title='bbox 1141 1631 1175 1695; x_wconf 81' lang='lat' dir='ltr'><strong>in</strong></span> <span class='ocrx_word' id='word_1_72' title='bbox 1196 1630 1326 1695; x_wconf 80' lang='lat' dir='ltr'><strong>Eusebii</strong></span> <span class='ocrx_word' id='word_1_73' title='bbox 1348 1630 1501 1696; x_wconf 73' lang='lat' dir='ltr'><strong>Chronico</strong></span> <span class='ocrx_word' id='word_1_74' title='bbox 1521 1653 1556 1718; x_wconf 89' lang='lat' dir='ltr'><strong>p.</strong></span> <span class='ocrx_word' id='word_1_75' title='bbox 1572 1638 1632 1711; x_wconf 70' lang='lat'><strong>563</strong></span> 
     </span>
     <span class='ocr_line' id='line_1_11' title="bbox 590 1651 1633 1803; baseline -0.001 -21"><span class='ocrx_word' id='word_1_76' title='bbox 590 1717 657 1782; x_wconf 89' lang='lat' dir='ltr'><strong>“A</strong></span> <span class='ocrx_word' id='word_1_77' title='bbox 672 1718 757 1802; x_wconf 83' lang='lat' dir='ltr'><strong>fuga·</strong></span> <span class='ocrx_word' id='word_1_78' title='bbox 771 1651 959 1780; x_wconf 71' lang='lat' dir='ltr'><strong>Charidemi</strong></span> <span class='ocrx_word' id='word_1_79' title='bbox 976 1715 1018 1779; x_wconf 88' lang='lat' dir='ltr'><strong>ad</strong></span> <span class='ocrx_word' id='word_1_80' title='bbox 1041 1716 1178 1802; x_wconf 90' lang='lat' dir='ltr'><strong>primam</strong></span> <span class='ocrx_word' id='word_1_81' title='bbox 1197 1714 1439 1803; x_wconf 78' lang='lat' dir='ltr'><strong>Olympiadem,</strong></span> <span class='ocrx_word' id='word_1_82' title='bbox 1455 1732 1533 1786; x_wconf 90' lang='lat' dir='ltr'><strong>sunt</strong></span> <span class='ocrx_word' id='word_1_83' title='bbox 1556 1718 1633 1782; x_wconf 81' lang='lat' dir='ltr'><strong>anni</strong></span> 
     </span>
     <span class='ocr_line' id='line_1_12' title="bbox 590 1801 1660 1890; baseline 0.003 -25"><span class='ocrx_word' id='word_1_84' title='bbox 590 1806 615 1841; x_wconf 88' lang='lat'><strong><em>“</em></strong></span> <span class='ocrx_word' id='word_1_85' title='bbox 629 1821 771 1866; x_wconf 78' lang='lat' dir='ltr'><strong>occur.</strong></span> <span class='ocrx_word' id='word_1_86' title='bbox 808 1802 918 1867; x_wconf 79' lang='lat' dir='ltr'><strong>Quare</strong></span> <span class='ocrx_word' id='word_1_87' title='bbox 939 1801 1098 1887; x_wconf 84' lang='lat' dir='ltr'><strong>Excerpta</strong></span> <span class='ocrx_word' id='word_1_88' title='bbox 1118 1801 1359 1867; x_wconf 84' lang='lat' dir='ltr'><strong>Barbarolatina</strong></span> <span class='ocrx_word' id='word_1_89' title='bbox 1379 1801 1464 1866; x_wconf 81' lang='lat' dir='ltr'><strong>male</strong></span> <span class='ocrx_word' id='word_1_90' title='bbox 1485 1802 1632 1890; x_wconf 90' lang='lat' dir='ltr'><strong>concipi·</strong></span> <span class='ocrx_word' id='word_1_91' title='bbox 1657 1846 1660 1854; x_wconf 87' lang='lat'>·</span> 
     </span>
     <span class='ocr_line' id='line_1_13' title="bbox 591 1885 1631 1973; baseline 0.004 -23"><span class='ocrx_word' id='word_1_92' title='bbox 591 1892 688 1951; x_wconf 90' lang='lat' dir='ltr'><strong>“unt</strong></span> <span class='ocrx_word' id='word_1_93' title='bbox 706 1908 779 1951; x_wconf 88' lang='lat' dir='ltr'><strong>ann.</strong></span> <span class='ocrx_word' id='word_1_94' title='bbox 797 1885 1018 1973; x_wconf 80' lang='lat' dir='ltr'><strong>cccxxv11.”</strong></span> <span class='ocrx_word' id='word_1_95' title='bbox 1055 1885 1121 1952; x_wconf 88' lang='lat' dir='ltr'><strong>Sed</strong></span> <span class='ocrx_word' id='word_1_96' title='bbox 1140 1909 1225 1965; x_wconf 90' lang='lat' dir='ltr'><strong>vero,</strong></span> <span class='ocrx_word' id='word_1_97' title='bbox 1246 1886 1275 1951; x_wconf 83' lang='lat' dir='ltr'><strong>si</strong></span> <span class='ocrx_word' id='word_1_98' title='bbox 1296 1887 1427 1952; x_wconf 88' lang='lat' dir='ltr'><strong>Eusebii</strong></span> <span class='ocrx_word' id='word_1_99' title='bbox 1450 1888 1631 1954; x_wconf 81' lang='lat' dir='ltr'><strong>rationibus</strong></span> 
     </span>
     <span class='ocr_line' id='line_1_14' title="bbox 590 1970 1630 2060; baseline 0.005 -25"><span class='ocrx_word' id='word_1_100' title='bbox 590 1970 764 2037; x_wconf 85' lang='lat' dir='ltr'><strong>attenderis</strong></span> <span class='ocrx_word' id='word_1_101' title='bbox 778 1971 812 2036; x_wconf 92' lang='lat' dir='ltr'><strong>in</strong></span> <span class='ocrx_word' id='word_1_102' title='bbox 829 1970 986 2049; x_wconf 67' lang='lat' dir='ltr'><strong>Chronico,</strong></span> <span class='ocrx_word' id='word_1_103' title='bbox 998 1993 1018 2036; x_wconf 95' lang='lat' dir='ltr'><strong>a</strong></span> <span class='ocrx_word' id='word_1_104' title='bbox 1031 1972 1111 2058; x_wconf 82' lang='lat' dir='ltr'><strong>fuga</strong></span> <span class='ocrx_word' id='word_1_105' title='bbox 1125 1971 1311 2039; x_wconf 87' lang='lat' dir='ltr'><strong>Charidemi</strong></span> <span class='ocrx_word' id='word_1_106' title='bbox 1325 1972 1367 2037; x_wconf 87' lang='lat' dir='ltr'><strong>ad</strong></span> <span class='ocrx_word' id='word_1_107' title='bbox 1382 1995 1487 2060; x_wconf 88' lang='lat' dir='ltr'><strong>usque</strong></span> <span class='ocrx_word' id='word_1_108' title='bbox 1500 1973 1630 2040; x_wconf 71' lang='lat' dir='ltr'><strong>Amic</strong></span> 
     </span>
     <span class='ocr_line' id='line_1_15' title="bbox 589 2057 1629 2208; baseline 0.002 -87"><span class='ocrx_word' id='word_1_109' title='bbox 589 2057 674 2143; x_wconf 81' lang='lat' dir='ltr'><strong>regis</strong></span> <span class='ocrx_word' id='word_1_110' title='bbox 689 2078 807 2122; x_wconf 86' lang='lat' dir='ltr'><strong>annum</strong></span> <span class='ocrx_word' id='word_1_111' title='bbox 818 2069 870 2135; x_wconf 82' lang='lat'><strong>37,</strong></span> <span class='ocrx_word' id='word_1_112' title='bbox 882 2079 948 2143; x_wconf 91' lang='lat' dir='ltr'><strong>quo</strong></span> <span class='ocrx_word' id='word_1_113' title='bbox 961 2057 1030 2141; x_wconf 90' lang='lat' dir='ltr'><strong>ipse</strong></span> <span class='ocrx_word' id='word_1_114' title='bbox 1042 2058 1151 2143; x_wconf 83' lang='lat' dir='ltr'><strong>posuit</strong></span> <span class='ocrx_word' id='word_1_115' title='bbox 1164 2058 1248 2123; x_wconf 84' lang='lat' dir='ltr'><strong>Scali</strong></span> <span class='ocrx_word' id='word_1_116' title='bbox 1272 2080 1307 2123; x_wconf 93' lang='lat' dir='ltr'><strong>er</strong></span> <span class='ocrx_word' id='word_1_117' title='bbox 1318 2058 1551 2145; x_wconf 85' lang='lat' dir='ltr'><strong>Olympiadem</strong></span> <span class='ocrx_word' id='word_1_118' title='bbox 1560 2059 1629 2208; x_wconf 83' lang='lat' dir='ltr'><strong>pri·</strong></span> 
     </span>
     <span class='ocr_line' id='line_1_16' title="bbox 586 2142 1631 2229; baseline 0.002 -21"><span class='ocrx_word' id='word_1_119' title='bbox 586 2164 689 2222; x_wconf 69' lang='lat' dir='ltr'><strong>anam,</strong></span> <span class='ocrx_word' id='word_1_120' title='bbox 707 2143 782 2208; x_wconf 83' lang='lat' dir='ltr'><strong>anni</strong></span> <span class='ocrx_word' id='word_1_121' title='bbox 803 2142 927 2214; x_wconf 86' lang='lat' dir='ltr'><strong>circiter</strong></span> <span class='ocrx_word' id='word_1_122' title='bbox 948 2155 1019 2220; x_wconf 77' lang='lat'><strong>300,</strong></span> <span class='ocrx_word' id='word_1_123' title='bbox 1040 2163 1103 2209; x_wconf 87' lang='lat' dir='ltr'><strong>non</strong></span> <span class='ocrx_word' id='word_1_124' title='bbox 1125 2158 1195 2220; x_wconf 81' lang='lat'>350,</span> <span class='ocrx_word' id='word_1_125' title='bbox 1214 2166 1255 2208; x_wconf 94' lang='lat' dir='ltr'><strong>co</strong></span> <span class='ocrx_word' id='word_1_126' title='bbox 1282 2143 1424 2229; x_wconf 61' lang='lat' dir='ltr'><strong>&#39;guntur</strong></span> <span class='ocrx_word' id='word_1_127' title='bbox 1470 2146 1560 2210; x_wconf 87' lang='lat' dir='ltr'><strong>Euse</strong></span> <span class='ocrx_word' id='word_1_128' title='bbox 1582 2145 1631 2210; x_wconf 92' lang='lat' dir='ltr'><strong>ius</strong></span> 
     </span>
    </p>
   </div>
   <div class='ocr_carea' id='block_1_3' title="bbox 560 2222 1629 2500">
    <p class='ocr_par' dir='ltr' id='par_1_4' title="bbox 560 2222 1629 2500">
     <span class='ocr_line' id='line_1_17' title="bbox 560 2222 1629 2316; baseline -0.002 -20"><span class='ocrx_word' id='word_1_129' title='bbox 560 2222 733 2316; x_wconf 50' lang='lat' dir='ltr'><strong>squidem,</strong></span> <span class='ocrx_word' id='word_1_130' title='bbox 757 2228 834 2293; x_wconf 92' lang='lat' dir='ltr'><strong>dum</strong></span> <span class='ocrx_word' id='word_1_131' title='bbox 860 2228 988 2293; x_wconf 77' lang='lat' dir='ltr'><strong>initium</strong></span> <span class='ocrx_word' id='word_1_132' title='bbox 1015 2228 1246 2316; x_wconf 91' lang='lat' dir='ltr'><strong>Olympiadum</strong></span> <span class='ocrx_word' id='word_1_133' title='bbox 1273 2244 1320 2293; x_wconf 85' lang='lat'><strong>13.</strong></span> <span class='ocrx_word' id='word_1_134' title='bbox 1348 2230 1438 2295; x_wconf 90' lang='lat' dir='ltr'><strong>annis</strong></span> <span class='ocrx_word' id='word_1_135' title='bbox 1468 2230 1629 2316; x_wconf 71' lang='lat' dir='ltr'><strong>posterius</strong></span> 
     </span>
     <span class='ocr_line' id='line_1_18' title="bbox 585 2312 1628 2402; baseline -0.003 -19"><span class='ocrx_word' id='word_1_136' title='bbox 585 2313 713 2397; x_wconf 79' lang='lat' dir='ltr'><strong>stamit,</strong></span> <span class='ocrx_word' id='word_1_137' title='bbox 726 2315 826 2401; x_wconf 63' lang='lat' dir='ltr'><strong>,paulo</strong></span> <span class='ocrx_word' id='word_1_138' title='bbox 847 2313 954 2400; x_wconf 87' lang='lat' dir='ltr'><strong>plures</strong></span> <span class='ocrx_word' id='word_1_139' title='bbox 972 2335 1075 2379; x_wconf 87' lang='lat' dir='ltr'><strong>annos</strong></span> <span class='ocrx_word' id='word_1_140' title='bbox 1095 2314 1176 2379; x_wconf 91' lang='lat' dir='ltr'><strong>inter</strong></span> <span class='ocrx_word' id='word_1_141' title='bbox 1192 2312 1376 2378; x_wconf 88' lang='lat' dir='ltr'><strong>Charidemi</strong></span> <span class='ocrx_word' id='word_1_142' title='bbox 1394 2315 1511 2402; x_wconf 83' lang='lat' dir='ltr'><strong>fugam</strong></span> <span class='ocrx_word' id='word_1_143' title='bbox 1534 2329 1628 2402; x_wconf 88' lang='lat' dir='ltr'><strong>atque</strong></span> 
     </span>
     <span class='ocr_line' id='line_1_19' title="bbox 585 2398 1628 2500; baseline 0.006 -40"><span class='ocrx_word' id='word_1_144' title='bbox 585 2399 801 2500; x_wconf 76' lang='lat' dir='ltr'><strong>Olympiadas</strong></span> <span class='ocrx_word' id='word_1_145' title='bbox 822 2415 1029 2487; x_wconf 84' lang='lat' dir='ltr'><strong>computasse</strong></span> <span class='ocrx_word' id='word_1_146' title='bbox 1051 2398 1187 2465; x_wconf 86' lang='lat' dir='ltr'><strong>videtur.</strong></span> <span class='ocrx_word' id='word_1_147' title='bbox 1231 2398 1295 2465; x_wconf 85' lang='lat' dir='ltr'><strong>Sed</strong></span> <span class='ocrx_word' id='word_1_148' title='bbox 1318 2399 1362 2464; x_wconf 85' lang='lat' dir='ltr'><strong>ita</strong></span> <span class='ocrx_word' id='word_1_149' title='bbox 1384 2401 1519 2500; x_wconf 78' lang='lat' dir='ltr'><strong>propips</strong></span> <span class='ocrx_word' id='word_1_150' title='bbox 1540 2401 1628 2466; x_wconf 79' lang='lat' dir='ltr'><strong>abest</strong></span> 
     </span>
    </p>
   </div>
   <div class='ocr_carea' id='block_1_4' title="bbox 586 2485 1629 3748">
    <p class='ocr_par' dir='ltr' id='par_1_5' title="bbox 586 2485 1627 2742">
     <span class='ocr_line' id='line_1_20' title="bbox 587 2485 1627 2572; baseline 0.003 -23"><span class='ocrx_word' id='word_1_151' title='bbox 587 2485 746 2551; x_wconf 76' lang='lat' dir='ltr'><strong>Eusebius</strong></span> <span class='ocrx_word' id='word_1_152' title='bbox 768 2485 975 2550; x_wconf 74' lang='lat' dir='ltr'><strong>sib-Africani</strong></span> <span class='ocrx_word' id='word_1_153' title='bbox 1000 2486 1087 2572; x_wconf 85' lang='lat' dir='ltr'><strong>apud</strong></span> <span class='ocrx_word' id='word_1_154' title='bbox 1112 2488 1342 2572; x_wconf 85' lang='lat' dir='ltr'><strong>Excerptorem</strong></span> <span class='ocrx_word' id='word_1_155' title='bbox 1368 2507 1524 2565; x_wconf 86' lang='lat' dir='ltr'><strong>uomens,</strong></span> <span class='ocrx_word' id='word_1_156' title='bbox 1547 2508 1627 2571; x_wconf 90' lang='lat' dir='ltr'><strong>quo-</strong></span> 
     </span>
     <span class='ocr_line' id='line_1_21' title="bbox 587 2570 1627 2660; baseline 0.002 -26"><span class='ocrx_word' id='word_1_157' title='bbox 587 2591 664 2635; x_wconf 89' lang='lat' dir='ltr'><strong>cum</strong></span> <span class='ocrx_word' id='word_1_158' title='bbox 684 2571 717 2636; x_wconf 91' lang='lat' dir='ltr'><strong>in</strong></span> <span class='ocrx_word' id='word_1_159' title='bbox 739 2593 868 2640; x_wconf 85' lang='lat' dir='ltr'><strong>summa</strong></span> <span class='ocrx_word' id='word_1_160' title='bbox 886 2571 1033 2636; x_wconf 90' lang='lat' dir='ltr'><strong>omnium</strong></span> <span class='ocrx_word' id='word_1_161' title='bbox 1054 2591 1224 2649; x_wconf 87' lang='lat' dir='ltr'><strong>annorum,</strong></span> <span class='ocrx_word' id='word_1_162' title='bbox 1248 2570 1365 2657; x_wconf 89' lang='lat' dir='ltr'><strong>quibus</strong></span> <span class='ocrx_word' id='word_1_163' title='bbox 1387 2571 1494 2636; x_wconf 85' lang='lat' dir='ltr'><strong>stabat</strong></span> <span class='ocrx_word' id='word_1_164' title='bbox 1514 2570 1627 2660; x_wconf 88' lang='lat' dir='ltr'><strong>Sicyo·</strong></span> 
     </span>
     <span class='ocr_line' id='line_1_22' title="bbox 586 2656 1574 2742; baseline 0.001 -22"><span class='ocrx_word' id='word_1_165' title='bbox 586 2656 677 2738; x_wconf 33' lang='lat' dir='ltr'><strong>‚nium</strong></span> <span class='ocrx_word' id='word_1_166' title='bbox 694 2677 842 2741; x_wconf 83' lang='lat' dir='ltr'><strong>regnum,</strong></span> <span class='ocrx_word' id='word_1_167' title='bbox 854 2656 1028 2727; x_wconf 84' lang='lat' dir='ltr'><strong>consentit.</strong></span> <span class='ocrx_word' id='word_1_168' title='bbox 1570 2733 1574 2742; x_wconf 91' lang='lat'><em>.</em></span> 
     </span>
    </p>

    <p class='ocr_par' dir='ltr' id='par_1_6' title="bbox 586 2741 1629 3748">
     <span class='ocr_line' id='line_1_23' title="bbox 632 2741 1628 2828; baseline 0.003 -22"><span class='ocrx_word' id='word_1_169' title='bbox 632 2742 667 2806; x_wconf 92' lang='grc' dir='ltr'><strong>Ρ.</strong></span> <span class='ocrx_word' id='word_1_170' title='bbox 684 2749 750 2819; x_wconf 86' lang='lat'><strong>169.</strong></span> <span class='ocrx_word' id='word_1_171' title='bbox 767 2742 790 2806; x_wconf 91' lang='lat' dir='ltr'><strong>l.</strong></span> <span class='ocrx_word' id='word_1_172' title='bbox 803 2756 833 2805; x_wconf 80' lang='lat' dir='ltr'><strong>a.</strong></span> <span class='ocrx_word' id='word_1_173' title='bbox 857 2741 933 2806; x_wconf 85' lang='lat' dir='ltr'><strong>anni</strong></span> <span class='ocrx_word' id='word_1_174' title='bbox 954 2741 1043 2807; x_wconf 91' lang='lat' dir='ltr'><strong>mille</strong></span> <span class='ocrx_word' id='word_1_175' title='bbox 1058 2744 1281 2828; x_wconf 82' lang='lat' dir='ltr'><strong>cccxxxv1.]</strong></span> <span class='ocrx_word' id='word_1_176' title='bbox 1299 2741 1382 2807; x_wconf 90' lang='lat' dir='ltr'><strong>Satis</strong></span> <span class='ocrx_word' id='word_1_177' title='bbox 1401 2743 1628 2809; x_wconf 84' lang='lat' dir='ltr'><strong>convenienter</strong></span> 
     </span>
     <span class='ocr_line' id='line_1_24' title="bbox 586 2826 1626 2916; baseline 0.003 -24"><span class='ocrx_word' id='word_1_178' title='bbox 586 2849 662 2892; x_wconf 92' lang='lat' dir='ltr'><strong>cum</strong></span> <span class='ocrx_word' id='word_1_179' title='bbox 676 2826 821 2891; x_wconf 84' lang='lat' dir='ltr'><strong>Africani</strong></span> <span class='ocrx_word' id='word_1_180' title='bbox 835 2826 1023 2892; x_wconf 84' lang='lat' dir='ltr'><strong>rationibus.</strong></span> <span class='ocrx_word' id='word_1_181' title='bbox 1069 2827 1183 2893; x_wconf 87' lang='lat' dir='ltr'><strong>Positis</strong></span> <span class='ocrx_word' id='word_1_182' title='bbox 1204 2828 1290 2893; x_wconf 89' lang='lat' dir='ltr'><strong>enim</strong></span> <span class='ocrx_word' id='word_1_183' title='bbox 1309 2827 1445 2915; x_wconf 81' lang='lat' dir='ltr'><strong>singulis</strong></span> <span class='ocrx_word' id='word_1_184' title='bbox 1467 2851 1543 2916; x_wconf 77' lang='lat' dir='ltr'><strong>quse</strong></span> <span class='ocrx_word' id='word_1_185' title='bbox 1564 2843 1626 2895; x_wconf 86' lang='lat' dir='ltr'><strong>sta·</strong></span> 
     </span>
     <span class='ocr_line' id='line_1_25' title="bbox 586 2911 1628 2998; baseline 0.005 -23"><span class='ocrx_word' id='word_1_186' title='bbox 586 2912 651 2976; x_wconf 91' lang='lat' dir='ltr'><strong>tuit</strong></span> <span class='ocrx_word' id='word_1_187' title='bbox 665 2912 836 2976; x_wconf 86' lang='lat' dir='ltr'><strong>Africanus</strong></span> <span class='ocrx_word' id='word_1_188' title='bbox 856 2913 889 2976; x_wconf 87' lang='lat' dir='ltr'><strong>in</strong></span> <span class='ocrx_word' id='word_1_189' title='bbox 908 2911 969 2976; x_wconf 89' lang='lat' dir='ltr'><strong>hac</strong></span> <span class='ocrx_word' id='word_1_190' title='bbox 990 2912 1064 2998; x_wconf 71' lang='grc' dir='ltr'><strong><em>ῥήσει</em></strong></span> <span class='ocrx_word' id='word_1_191' title='bbox 1086 2927 1120 2978; x_wconf 88' lang='lat' dir='ltr'><strong>et</strong></span> <span class='ocrx_word' id='word_1_192' title='bbox 1138 2913 1180 2977; x_wconf 92' lang='lat' dir='ltr'><strong>ad</strong></span> <span class='ocrx_word' id='word_1_193' title='bbox 1200 2915 1302 2978; x_wconf 90' lang='lat' dir='ltr'><strong>Num.</strong></span> <span class='ocrx_word' id='word_1_194' title='bbox 1319 2931 1402 2978; x_wconf 84' lang='lat' dir='ltr'><strong>xxr.</strong></span> <span class='ocrx_word' id='word_1_195' title='bbox 1417 2926 1451 2978; x_wconf 93' lang='lat' dir='ltr'><strong>et</strong></span> <span class='ocrx_word' id='word_1_196' title='bbox 1468 2935 1581 2980; x_wconf 74' lang='lat' dir='ltr'><strong>xxxi.</strong></span> <span class='ocrx_word' id='word_1_197' title='bbox 1595 2927 1628 2981; x_wconf 84' lang='lat' dir='ltr'><strong>et</strong></span> 
     </span>
     <span class='ocr_line' id='line_1_26' title="bbox 589 2996 1627 3085; baseline 0.004 -24"><span class='ocrx_word' id='word_1_198' title='bbox 589 3016 744 3062; x_wconf 84' lang='lat' dir='ltr'><strong>xxxvn.</strong></span> <span class='ocrx_word' id='word_1_199' title='bbox 761 2996 894 3076; x_wconf 90' lang='lat' dir='ltr'><strong>scilicet,</strong></span> <span class='ocrx_word' id='word_1_200' title='bbox 908 2998 1071 3084; x_wconf 90' lang='lat' dir='ltr'><strong>inceptum</strong></span> <span class='ocrx_word' id='word_1_201' title='bbox 1086 2998 1185 3064; x_wconf 86' lang='lat' dir='ltr'><strong>fuisse</strong></span> <span class='ocrx_word' id='word_1_202' title='bbox 1203 3020 1289 3064; x_wconf 88' lang='lat' dir='ltr'><strong>anno</strong></span> <span class='ocrx_word' id='word_1_203' title='bbox 1302 2999 1418 3065; x_wconf 86' lang='lat' dir='ltr'><strong>Jacobi</strong></span> <span class='ocrx_word' id='word_1_204' title='bbox 1435 3000 1627 3085; x_wconf 75' lang='lat' dir='ltr'><strong>patriarchae</strong></span> 
     </span>
     <span class='ocr_line' id='line_1_27' title="bbox 586 3082 1627 3171; baseline 0.006 -26"><span class='ocrx_word' id='word_1_205' title='bbox 586 3096 637 3161; x_wconf 81' lang='lat'><strong>29.</strong></span> <span class='ocrx_word' id='word_1_206' title='bbox 658 3082 883 3168; x_wconf 83' lang='lat' dir='ltr'><strong>Sicyoniorum</strong></span> <span class='ocrx_word' id='word_1_207' title='bbox 907 3098 1057 3170; x_wconf 86' lang='lat' dir='ltr'><strong>regnum,</strong></span> <span class='ocrx_word' id='word_1_208' title='bbox 1076 3084 1153 3149; x_wconf 87' lang='lat' dir='ltr'><strong>Jose</strong></span> <span class='ocrx_word' id='word_1_209' title='bbox 1177 3084 1276 3171; x_wconf 85' lang='lat' dir='ltr'><strong>hique</strong></span> <span class='ocrx_word' id='word_1_210' title='bbox 1293 3084 1420 3153; x_wconf 90' lang='lat' dir='ltr'><strong>obitum</strong></span> <span class='ocrx_word' id='word_1_211' title='bbox 1438 3107 1518 3150; x_wconf 89' lang='lat' dir='ltr'><strong>cum</strong></span> <span class='ocrx_word' id='word_1_212' title='bbox 1538 3086 1627 3151; x_wconf 67' lang='lat' dir='ltr'><strong>anna</strong></span> 
     </span>
     <span class='ocr_line' id='line_1_28' title="bbox 587 3106 1626 3256; baseline 0.005 -24"><span class='ocrx_word' id='word_1_213' title='bbox 587 3167 708 3233; x_wconf 90' lang='lat' dir='ltr'><strong>Mundi</strong></span> <span class='ocrx_word' id='word_1_214' title='bbox 719 3175 808 3233; x_wconf 83' lang='lat'><strong>3563.</strong></span> <span class='ocrx_word' id='word_1_215' title='bbox 823 3167 979 3256; x_wconf 82' lang='lat' dir='ltr'><strong>conjungi</strong></span> <span class='ocrx_word' id='word_1_216' title='bbox 992 3168 1121 3250; x_wconf 89' lang='lat' dir='ltr'><strong>debere,</strong></span> <span class='ocrx_word' id='word_1_217' title='bbox 1130 3106 1176 3234; x_wconf 80' lang='lat' dir='ltr'><strong>ad</strong></span> <span class='ocrx_word' id='word_1_218' title='bbox 1187 3171 1369 3234; x_wconf 86' lang='lat' dir='ltr'><strong>Salomonis</strong></span> <span class='ocrx_word' id='word_1_219' title='bbox 1381 3186 1492 3235; x_wconf 92' lang='lat' dir='ltr'><strong>autem</strong></span> <span class='ocrx_word' id='word_1_220' title='bbox 1506 3193 1626 3237; x_wconf 85' lang='lat' dir='ltr'><strong>annum</strong></span> 
     </span>
     <span class='ocr_line' id='line_1_29' title="bbox 587 3254 1627 3345; baseline 0.003 -25"><span class='ocrx_word' id='word_1_221' title='bbox 587 3254 737 3324; x_wconf 77' lang='lat' dir='ltr'><strong>octavum</strong></span> <span class='ocrx_word' id='word_1_222' title='bbox 763 3256 977 3320; x_wconf 89' lang='lat' dir='ltr'><strong>numerandos</strong></span> <span class='ocrx_word' id='word_1_223' title='bbox 1003 3277 1073 3320; x_wconf 87' lang='lat' dir='ltr'><strong>esse</strong></span> <span class='ocrx_word' id='word_1_224' title='bbox 1098 3278 1198 3320; x_wconf 91' lang='lat' dir='ltr'><strong>annos</strong></span> <span class='ocrx_word' id='word_1_225' title='bbox 1226 3256 1345 3320; x_wconf 90' lang='lat' dir='ltr'><strong>Mundi</strong></span> <span class='ocrx_word' id='word_1_226' title='bbox 1369 3269 1460 3335; x_wconf 78' lang='lat'><em>4457,</em></span> <span class='ocrx_word' id='word_1_227' title='bbox 1488 3255 1627 3345; x_wconf 85' lang='lat' dir='ltr'><strong>denique</strong></span> 
     </span>
     <span class='ocr_line' id='line_1_30' title="bbox 587 3339 1626 3429; baseline 0.002 -24"><span class='ocrx_word' id='word_1_228' title='bbox 587 3339 782 3428; x_wconf 87' lang='lat' dir='ltr'><strong>Olympiade</strong></span> <span class='ocrx_word' id='word_1_229' title='bbox 804 3340 907 3428; x_wconf 87' lang='lat' dir='ltr'><strong>prima</strong></span> <span class='ocrx_word' id='word_1_230' title='bbox 928 3341 1068 3427; x_wconf 91' lang='lat' dir='ltr'><strong>primum</strong></span> <span class='ocrx_word' id='word_1_231' title='bbox 1090 3363 1207 3406; x_wconf 90' lang='lat' dir='ltr'><strong>annum</strong></span> <span class='ocrx_word' id='word_1_232' title='bbox 1223 3340 1348 3406; x_wconf 85' lang='lat' dir='ltr'><strong>Achazi</strong></span> <span class='ocrx_word' id='word_1_233' title='bbox 1366 3362 1400 3406; x_wconf 92' lang='lat' dir='ltr'><strong>re</strong></span> <span class='ocrx_word' id='word_1_234' title='bbox 1426 3341 1433 3355; x_wconf 83' lang='lat'>&#39;</span> <span class='ocrx_word' id='word_1_235' title='bbox 1474 3363 1626 3429; x_wconf 88' lang='lat' dir='ltr'><strong>compre-</strong></span> 
     </span>
     <span class='ocr_line' id='line_1_31' title="bbox 586 3425 1628 3514; baseline 0.005 -25"><span class='ocrx_word' id='word_1_236' title='bbox 586 3425 696 3505; x_wconf 89' lang='lat' dir='ltr'><strong>hendi,</strong></span> <span class='ocrx_word' id='word_1_237' title='bbox 714 3426 796 3500; x_wconf 82' lang='lat' dir='ltr'><strong>satis</strong></span> <span class='ocrx_word' id='word_1_238' title='bbox 813 3448 976 3514; x_wconf 81' lang='lat' dir='ltr'><strong>¹superque</strong></span> <span class='ocrx_word' id='word_1_239' title='bbox 996 3427 1158 3492; x_wconf 84' lang='lat' dir='ltr'><strong>constabit</strong></span> <span class='ocrx_word' id='word_1_240' title='bbox 1179 3426 1295 3514; x_wconf 90' lang='lat' dir='ltr'><strong>cuique</strong></span> <span class='ocrx_word' id='word_1_241' title='bbox 1314 3427 1383 3492; x_wconf 90' lang='lat' dir='ltr'><strong>calc</strong></span> <span class='ocrx_word' id='word_1_242' title='bbox 1421 3449 1475 3491; x_wconf 92' lang='lat' dir='ltr'><strong>um</strong></span> <span class='ocrx_word' id='word_1_243' title='bbox 1495 3428 1628 3513; x_wconf 86' lang='lat' dir='ltr'><strong>ponenti</strong></span> 
     </span>
     <span class='ocr_line' id='line_1_32' title="bbox 586 3510 1627 3611; baseline 0.002 -36"><span class='ocrx_word' id='word_1_244' title='bbox 586 3510 661 3576; x_wconf 90' lang='lat' dir='ltr'><strong>inde</strong></span> <span class='ocrx_word' id='word_1_245' title='bbox 683 3531 1031 3611; x_wconf 72' lang='lat' dir='ltr'><strong>emergeresummpm</strong></span> <span class='ocrx_word' id='word_1_246' title='bbox 1050 3512 1178 3577; x_wconf 84' lang='lat' dir='ltr'><strong>circiter</strong></span> <span class='ocrx_word' id='word_1_247' title='bbox 1199 3533 1355 3576; x_wconf 87' lang='lat' dir='ltr'><strong>annorum</strong></span> <span class='ocrx_word' id='word_1_248' title='bbox 1381 3531 1627 3579; x_wconf 81' lang='lat' dir='ltr'><strong>mcccxxxvr.</strong></span> 
     </span>
     <span class='ocr_line' id='line_1_33' title="bbox 587 3596 1629 3748; baseline -0.003 -86"><span class='ocrx_word' id='word_1_249' title='bbox 587 3597 630 3748; x_wconf 56' lang='lat' dir='ltr'><strong>{b</strong></span> <span class='ocrx_word' id='word_1_250' title='bbox 650 3597 731 3665; x_wconf 85' lang='lat' dir='ltr'><strong>inito</strong></span> <span class='ocrx_word' id='word_1_251' title='bbox 751 3597 975 3686; x_wconf 77' lang='lat' dir='ltr'><strong>Sicyoniorum</strong></span> <span class='ocrx_word' id='word_1_252' title='bbox 994 3619 1098 3690; x_wconf 76' lang='lat' dir='ltr'><strong>regno</strong></span> <span class='ocrx_word' id='word_1_253' title='bbox 1118 3619 1220 3690; x_wconf 83' lang='lat' dir='ltr'><strong>usque</strong></span> <span class='ocrx_word' id='word_1_254' title='bbox 1240 3596 1281 3662; x_wconf 89' lang='lat' dir='ltr'><strong>ad</strong></span> <span class='ocrx_word' id='word_1_255' title='bbox 1301 3598 1438 3686; x_wconf 89' lang='lat' dir='ltr'><strong>primam</strong></span> <span class='ocrx_word' id='word_1_256' title='bbox 1455 3597 1629 3687; x_wconf 83' lang='lat' dir='ltr'><strong>Olympia.-</strong></span> 
     </span>
     <span class='ocr_line' id='line_1_34' title="bbox 609 3704 1562 3747; baseline -0.002 -36"><span class='ocrx_word' id='word_1_257' title='bbox 609 3704 672 3747; x_wconf 43' lang='grc' dir='ltr'><strong>θη).</strong></span> <span class='ocrx_word' id='word_1_258' title='bbox 1034 3710 1038 3716; x_wconf 90' lang='grc'>,</span> <span class='ocrx_word' id='word_1_259' title='bbox 1165 3708 1169 3713; x_wconf 92' lang='grc'><strong>.</strong></span> <span class='ocrx_word' id='word_1_260' title='bbox 1299 3708 1301 3712; x_wconf 89' lang='grc'><strong>.</strong></span> <span class='ocrx_word' id='word_1_261' title='bbox 1498 3704 1503 3712; x_wconf 90' lang='grc'><strong>.</strong></span> <span class='ocrx_word' id='word_1_262' title='bbox 1560 3704 1562 3709; x_wconf 91' lang='grc'><strong>.</strong></span> 
     </span>
    </p>
   </div>
   <div class='ocr_carea' id='block_1_5' title="bbox 1051 3941 1161 4030">
    <p class='ocr_par' dir='ltr' id='par_1_7' title="bbox 1051 3941 1161 4030">
     <span class='ocr_line' id='line_1_35' title="bbox 1051 3941 1161 4030; baseline -0.009 -25"><span class='ocrx_word' id='word_1_263' title='bbox 1051 3941 1161 4030; x_wconf 63' lang='lat' dir='ltr'><strong>xxx.</strong></span> 
     </span>
    </p>
   </div>
   <div class='ocr_carea' id='block_1_6' title="bbox 585 4107 1631 4710">
    <p class='ocr_par' dir='ltr' id='par_1_8' title="bbox 585 4107 1631 4710">
     <span class='ocr_line' id='line_1_36' title="bbox 632 4107 1630 4200; baseline 0 -28"><span class='ocrx_word' id='word_1_264' title='bbox 632 4107 716 4172; x_wconf 86' lang='lat' dir='ltr'><strong>lbld.</strong></span> <span class='ocrx_word' id='word_1_265' title='bbox 729 4109 752 4172; x_wconf 92' lang='lat' dir='ltr'><strong>l.</strong></span> <span class='ocrx_word' id='word_1_266' title='bbox 764 4115 794 4177; x_wconf 80' lang='grc'><strong>6.</strong></span> <span class='ocrx_word' id='word_1_267' title='bbox 823 4113 884 4172; x_wconf 81' lang='lat' dir='ltr'><strong>&#39;Eois</strong></span> <span class='ocrx_word' id='word_1_268' title='bbox 907 4110 948 4172; x_wconf 73' lang='lat' dir='ltr'><strong>sris</strong></span> <span class='ocrx_word' id='word_1_269' title='bbox 969 4113 1042 4172; x_wconf 72' lang='lat' dir='ltr'><strong>nard</strong></span> <span class='ocrx_word' id='word_1_270' title='bbox 1061 4113 1104 4171; x_wconf 71' lang='lat' dir='ltr'><strong>sir</strong></span> <span class='ocrx_word' id='word_1_271' title='bbox 1121 4111 1263 4188; x_wconf 53' lang='lat' dir='ltr'><strong>¹&#39;Androkos</strong></span> <span class='ocrx_word' id='word_1_272' title='bbox 1284 4110 1359 4197; x_wconf 66' lang='grc' dir='ltr'><strong>δια]</strong></span> <span class='ocrx_word' id='word_1_273' title='bbox 1384 4112 1469 4182; x_wconf 77' lang='lat' dir='ltr'><strong>Hoec</strong></span> <span class='ocrx_word' id='word_1_274' title='bbox 1491 4112 1630 4200; x_wconf 79' lang='lat' dir='ltr'><strong>Georgii</strong></span> 
     </span>
     <span class='ocr_line' id='line_1_37' title="bbox 589 4193 1628 4297; baseline 0.004 -37"><span class='ocrx_word' id='word_1_275' title='bbox 589 4193 731 4294; x_wconf 78' lang='lat' dir='ltr'><strong>Syncelli</strong></span> <span class='ocrx_word' id='word_1_276' title='bbox 751 4194 899 4258; x_wconf 85' lang='lat' dir='ltr'><strong>excitavit</strong></span> <span class='ocrx_word' id='word_1_277' title='bbox 916 4195 1062 4280; x_wconf 84' lang='lat' dir='ltr'><strong>Scaliger</strong></span> <span class='ocrx_word' id='word_1_278' title='bbox 1076 4194 1110 4258; x_wconf 91' lang='lat' dir='ltr'><strong>in</strong></span> <span class='ocrx_word' id='word_1_279' title='bbox 1122 4194 1293 4264; x_wconf 80' lang='lat' dir='ltr'><strong>Animadv.</strong></span> <span class='ocrx_word' id='word_1_280' title='bbox 1307 4195 1341 4261; x_wconf 82' lang='lat' dir='ltr'><strong>in</strong></span> <span class='ocrx_word' id='word_1_281' title='bbox 1358 4195 1511 4297; x_wconf 63' lang='lat' dir='ltr'><strong>Chronico</strong></span> <span class='ocrx_word' id='word_1_282' title='bbox 1526 4198 1628 4263; x_wconf 70' lang='lat' dir='ltr'><strong>Eure-</strong></span> 
     </span>
     <span class='ocr_line' id='line_1_38' title="bbox 588 4279 1631 4451; baseline 0.004 -22"><span class='ocrx_word' id='word_1_283' title='bbox 588 4279 720 4429; x_wconf 62' lang='lat' dir='ltr'><strong>liiii:</strong></span> <span class='ocrx_word' id='word_1_284' title='bbox 731 4285 800 4427; x_wconf 71' lang='lat' dir='ltr'><strong>ii.</strong></span> <span class='ocrx_word' id='word_1_285' title='bbox 821 4280 1542 4449; x_wconf 50' lang='lat' dir='ltr'><strong>iliilillilairilz{illidii</strong></span> <span class='ocrx_word' id='word_1_286' title='bbox 1555 4374 1631 4451; x_wconf 69' lang='grc' dir='ltr'><strong>...ο</strong></span> 
     </span>
     <span class='ocr_line' id='line_1_39' title="bbox 585 4448 1629 4540; baseline 0.002 -24"><span class='ocrx_word' id='word_1_287' title='bbox 585 4456 678 4530; x_wconf 82' lang='grc' dir='ltr'>Ἰησοῦ</span> <span class='ocrx_word' id='word_1_288' title='bbox 691 4448 852 4538; x_wconf 74' lang='lat' dir='ltr'><strong>syncellus</strong></span> <span class='ocrx_word' id='word_1_289' title='bbox 867 4449 1033 4516; x_wconf 73' lang='lat' dir='ltr'><strong>Gouriane.</strong></span> <span class='ocrx_word' id='word_1_290' title='bbox 1063 4452 1147 4516; x_wconf 86' lang='lat' dir='ltr'><strong>Mox</strong></span> <span class='ocrx_word' id='word_1_291' title='bbox 1159 4474 1326 4538; x_wconf 87' lang='lat' dir='ltr'><strong>perperam</strong></span> <span class='ocrx_word' id='word_1_292' title='bbox 1339 4453 1432 4518; x_wconf 86' lang='lat' dir='ltr'><strong>deest</strong></span> <span class='ocrx_word' id='word_1_293' title='bbox 1446 4453 1536 4540; x_wconf 85' lang='lat' dir='ltr'><strong>apud</strong></span> <span class='ocrx_word' id='word_1_294' title='bbox 1551 4456 1629 4521; x_wconf 89' lang='lat' dir='ltr'><strong>Sca·</strong></span> 
     </span>
     <span class='ocr_line' id='line_1_40' title="bbox 586 4533 1628 4624; baseline 0.005 -22"><span class='ocrx_word' id='word_1_295' title='bbox 586 4539 726 4624; x_wconf 84' lang='lat' dir='ltr'><strong>ligerum</strong></span> <span class='ocrx_word' id='word_1_296' title='bbox 749 4534 887 4617; x_wconf 76' lang='grc' dir='ltr'>Σαμουὴλ</span> <span class='ocrx_word' id='word_1_297' title='bbox 907 4533 944 4598; x_wconf 87' lang='grc' dir='ltr'><strong>κ’.</strong></span> <span class='ocrx_word' id='word_1_298' title='bbox 966 4548 1004 4601; x_wconf 91' lang='lat' dir='ltr'><strong>ut</strong></span> <span class='ocrx_word' id='word_1_299' title='bbox 1025 4537 1154 4602; x_wconf 90' lang='lat' dir='ltr'><strong>monuit</strong></span> <span class='ocrx_word' id='word_1_300' title='bbox 1176 4539 1314 4603; x_wconf 86' lang='lat' dir='ltr'><strong>Goarus.</strong></span> <span class='ocrx_word' id='word_1_301' title='bbox 1356 4538 1486 4603; x_wconf 89' lang='lat' dir='ltr'><strong>Deinde</strong></span> <span class='ocrx_word' id='word_1_302' title='bbox 1509 4539 1628 4609; x_wconf 80' lang='lat' dir='ltr'><strong>servavi</strong></span> 
     </span>
     <span class='ocr_line' id='line_1_41' title="bbox 589 4621 1629 4710; baseline 0.007 -24"><span class='ocrx_word' id='word_1_303' title='bbox 589 4621 727 4710; x_wconf 76' lang='lat' dir='ltr'><strong>Syncelli</strong></span> <span class='ocrx_word' id='word_1_304' title='bbox 739 4621 909 4686; x_wconf 86' lang='lat' dir='ltr'><strong>lectionem</strong></span> <span class='ocrx_word' id='word_1_305' title='bbox 922 4621 1069 4705; x_wconf 69' lang='grc' dir='ltr'><strong>Σολομὼν,</strong></span> <span class='ocrx_word' id='word_1_306' title='bbox 1080 4622 1205 4688; x_wconf 88' lang='lat' dir='ltr'><strong>etiamsi</strong></span> <span class='ocrx_word' id='word_1_307' title='bbox 1220 4623 1363 4710; x_wconf 87' lang='lat' dir='ltr'><strong>Scaliger</strong></span> <span class='ocrx_word' id='word_1_308' title='bbox 1376 4623 1477 4691; x_wconf 88' lang='lat' dir='ltr'><strong>habet</strong></span> <span class='ocrx_word' id='word_1_309' title='bbox 1488 4625 1629 4709; x_wconf 63' lang='grc' dir='ltr'><strong>Σολομῶς</strong></span> 
     </span>
    </p>
   </div>
   <div class='ocr_carea' id='block_1_7' title="bbox 587 4706 1358 4807">
    <p class='ocr_par' dir='ltr' id='par_1_9' title="bbox 587 4706 1358 4807">
     <span class='ocr_line' id='line_1_42' title="bbox 587 4706 1358 4807; baseline 0 -32"><span class='ocrx_word' id='word_1_310' title='bbox 587 4722 687 4807; x_wconf 45' lang='lat' dir='ltr'><strong>impet</strong></span> <span class='ocrx_word' id='word_1_311' title='bbox 697 4707 828 4783; x_wconf 77' lang='lat' dir='ltr'><strong>‚Goarus</strong></span> <span class='ocrx_word' id='word_1_312' title='bbox 841 4706 884 4775; x_wconf 76' lang='lat' dir='ltr'><strong>ad</strong></span> <span class='ocrx_word' id='word_1_313' title='bbox 894 4728 998 4796; x_wconf 68' lang='lat' dir='ltr'><strong>niarg.</strong></span> <span class='ocrx_word' id='word_1_314' title='bbox 1014 4707 1153 4796; x_wconf 74' lang='lat' dir='ltr'><strong>syncelli</strong></span> <span class='ocrx_word' id='word_1_315' title='bbox 1168 4709 1358 4794; x_wconf 74' lang='grc' dir='ltr'><strong>Σολομῶντος.</strong></span> 
     </span>
    </p>
   </div>
   <div class='ocr_carea' id='block_1_8' title="bbox 0 0 2050 5675">
    <p class='ocr_par' dir='ltr' id='par_1_10' title="bbox 0 0 2050 5675">
     <span class='ocr_line' id='line_1_43' title="bbox 0 0 2050 5675; baseline 0 2"><span class='ocrx_word' id='word_1_316' title='bbox 0 0 2050 5675; x_wconf 95' lang='lat' dir='ltr'><strong> </strong></span> 
     </span>
    </p>
   </div>
  </div>
 </body>
</html>
