<?xml version="1.0" encoding="UTF-8"?>
<!DOCTYPE html PUBLIC "-//W3C//DTD XHTML 1.0 Transitional//EN"
    "http://www.w3.org/TR/xhtml1/DTD/xhtml1-transitional.dtd">
<html xmlns="http://www.w3.org/1999/xhtml" xml:lang="en" lang="en">
 <head>
  <title>
</title>
<meta http-equiv="Content-Type" content="text/html;charset=utf-8" />
  <meta name='ocr-system' content='tesseract 3.04.00' />
  <meta name='ocr-capabilities' content='ocr_page ocr_carea ocr_par ocr_line ocrx_word'/>
</head>
<body>
  <div class='ocr_page' id='page_1' title='image "./reliquiaesacrae09routgoog_0367.png"; bbox 0 0 4092 5675; ppageno 0'>
   <div class='ocr_carea' id='block_1_1' title="bbox 597 1114 1358 1248">
    <p class='ocr_par' dir='ltr' id='par_1_1' title="bbox 597 1114 1358 1248">
     <span class='ocr_line' id='line_1_1' title="bbox 597 1114 1358 1248; baseline 0.003 -36"><span class='ocrx_word' id='word_1_1' title='bbox 597 1240 601 1248; x_wconf 15' lang='lat'>¹</span> <span class='ocrx_word' id='word_1_2' title='bbox 700 1114 1358 1216; x_wconf 77' lang='lat' dir='ltr'><strong>ANNOTATIONES</strong></span> 
     </span>
    </p>
   </div>
   <div class='ocr_carea' id='block_1_2' title="bbox 683 1357 1273 1458">
    <p class='ocr_par' dir='ltr' id='par_1_2' title="bbox 683 1357 1273 1458">
     <span class='ocr_line' id='line_1_2' title="bbox 683 1357 1273 1458; baseline -0.002 -2"><span class='ocrx_word' id='word_1_3' title='bbox 683 1357 686 1362; x_wconf 82' lang='grc'><strong>’</strong></span> <span class='ocrx_word' id='word_1_4' title='bbox 776 1374 844 1456; x_wconf 83' lang='lat' dir='ltr'><strong>IN</strong></span> <span class='ocrx_word' id='word_1_5' title='bbox 877 1375 1273 1458; x_wconf 75' lang='lat' dir='ltr'><strong>Aunnosruur.</strong></span> 
     </span>
    </p>
   </div>
   <div class='ocr_carea' id='block_1_3' title="bbox 551 1799 1542 1905">
    <p class='ocr_par' dir='ltr' id='par_1_3' title="bbox 551 1799 1542 1905">
     <span class='ocr_line' id='line_1_3' title="bbox 551 1799 1542 1905; baseline 0.006 -42"><span class='ocrx_word' id='word_1_6' title='bbox 551 1799 585 1863; x_wconf 90' lang='lat' dir='ltr'><strong>P.</strong></span> <span class='ocrx_word' id='word_1_7' title='bbox 597 1805 668 1877; x_wconf 81' lang='lat'><strong><em>367.</em></strong></span> <span class='ocrx_word' id='word_1_8' title='bbox 682 1800 705 1865; x_wconf 88' lang='lat' dir='ltr'><strong>l.</strong></span> <span class='ocrx_word' id='word_1_9' title='bbox 720 1818 768 1867; x_wconf 88' lang='lat'><strong>10.</strong></span> <span class='ocrx_word' id='word_1_10' title='bbox 792 1811 807 1882; x_wconf 77' lang='grc' dir='ltr'>ἡ</span> <span class='ocrx_word' id='word_1_11' title='bbox 822 1806 999 1905; x_wconf 48' lang='lat' dir='ltr'><strong>epiceopi]</strong></span> <span class='ocrx_word' id='word_1_12' title='bbox 1013 1804 1266 1893; x_wconf 75' lang='lat' dir='ltr'><strong>Quaestionibus,</strong></span> <span class='ocrx_word' id='word_1_13' title='bbox 1282 1824 1360 1889; x_wconf 86' lang='lat' dir='ltr'><strong>quas</strong></span> <span class='ocrx_word' id='word_1_14' title='bbox 1376 1801 1542 1869; x_wconf 89' lang='lat' dir='ltr'><strong>solvendas</strong></span> 
     </span>
    </p>
   </div>
   <div class='ocr_carea' id='block_1_4' title="bbox 508 1884 1592 1988">
    <p class='ocr_par' dir='ltr' id='par_1_4' title="bbox 508 1884 1592 1988">
     <span class='ocr_line' id='line_1_4' title="bbox 508 1884 1592 1988; baseline 0.006 -39"><span class='ocrx_word' id='word_1_15' title='bbox 508 1884 700 1951; x_wconf 89' lang='lat' dir='ltr'><strong>Ambrosius</strong></span> <span class='ocrx_word' id='word_1_16' title='bbox 711 1889 756 1952; x_wconf 88' lang='lat' dir='ltr'><strong>vir</strong></span> <span class='ocrx_word' id='word_1_17' title='bbox 771 1907 913 1977; x_wconf 82' lang='lat' dir='ltr'><strong>optimus</strong></span> <span class='ocrx_word' id='word_1_18' title='bbox 930 1893 970 1955; x_wconf 90' lang='lat' dir='ltr'><strong>de</strong></span> <span class='ocrx_word' id='word_1_19' title='bbox 985 1891 1175 1977; x_wconf 87' lang='lat' dir='ltr'>precationis</span> <span class='ocrx_word' id='word_1_20' title='bbox 1196 1890 1367 1953; x_wconf 86' lang='lat' dir='ltr'>inutilitate</span> <span class='ocrx_word' id='word_1_21' title='bbox 1384 1911 1541 1988; x_wconf 76' lang='lat' dir='ltr'><strong>proposu-</strong></span> <span class='ocrx_word' id='word_1_22' title='bbox 1588 1927 1592 1934; x_wconf 74' lang='lat'>=</span> 
     </span>
    </p>
   </div>
   <div class='ocr_carea' id='block_1_5' title="bbox 494 1974 1542 4760">
    <p class='ocr_par' dir='ltr' id='par_1_5' title="bbox 504 1974 1542 2317">
     <span class='ocr_line' id='line_1_5' title="bbox 506 1974 1541 2061; baseline 0.006 -28"><span class='ocrx_word' id='word_1_23' title='bbox 506 1983 585 2049; x_wconf 87' lang='lat' dir='ltr'><strong>erat,</strong></span> <span class='ocrx_word' id='word_1_24' title='bbox 602 1974 775 2057; x_wconf 80' lang='lat' dir='ltr'><strong>respondet</strong></span> <span class='ocrx_word' id='word_1_25' title='bbox 795 1977 953 2061; x_wconf 88' lang='lat' dir='ltr'>sapienter</span> <span class='ocrx_word' id='word_1_26' title='bbox 971 1976 1207 2061; x_wconf 85' lang='lat' dir='ltr'><strong>prudenterque</strong></span> <span class='ocrx_word' id='word_1_27' title='bbox 1227 1974 1384 2060; x_wconf 83' lang='lat' dir='ltr'><strong>Origenes</strong></span> <span class='ocrx_word' id='word_1_28' title='bbox 1405 1999 1437 2039; x_wconf 93' lang='lat' dir='ltr'><strong>m</strong></span> <span class='ocrx_word' id='word_1_29' title='bbox 1458 1977 1541 2039; x_wconf 91' lang='lat' dir='ltr'><strong>libro</strong></span> 
     </span>
     <span class='ocr_line' id='line_1_6' title="bbox 505 2055 1542 2147; baseline 0.007 -29"><span class='ocrx_word' id='word_1_30' title='bbox 505 2055 612 2120; x_wconf 81' lang='lat' dir='ltr'><strong>adhuc</strong></span> <span class='ocrx_word' id='word_1_31' title='bbox 633 2060 803 2143; x_wconf 88' lang='lat' dir='ltr'><strong>superstite</strong></span> <span class='ocrx_word' id='word_1_32' title='bbox 825 2064 876 2125; x_wconf 84' lang='lat' dir='ltr'><strong>De</strong></span> <span class='ocrx_word' id='word_1_33' title='bbox 900 2061 1047 2127; x_wconf 80' lang='lat' dir='ltr'><strong>Oratione</strong></span> <span class='ocrx_word' id='word_1_34' title='bbox 1054 2088 1068 2140; x_wconf 88' lang='lat'><strong>,·</strong></span> <span class='ocrx_word' id='word_1_35' title='bbox 1091 2061 1179 2147; x_wconf 93' lang='lat' dir='ltr'><strong>quod</strong></span> <span class='ocrx_word' id='word_1_36' title='bbox 1201 2059 1332 2145; x_wconf 89' lang='lat' dir='ltr'><strong>quidem</strong></span> <span class='ocrx_word' id='word_1_37' title='bbox 1353 2081 1434 2145; x_wconf 94' lang='lat' dir='ltr'><strong>opus</strong></span> <span class='ocrx_word' id='word_1_38' title='bbox 1455 2062 1542 2125; x_wconf 90' lang='lat' dir='ltr'><strong>misit</strong></span> 
     </span>
     <span class='ocr_line' id='line_1_7' title="bbox 505 2140 1540 2230; baseline 0.004 -27"><span class='ocrx_word' id='word_1_39' title='bbox 505 2140 580 2204; x_wconf 89' lang='lat' dir='ltr'><strong>huie</strong></span> <span class='ocrx_word' id='word_1_40' title='bbox 595 2143 759 2230; x_wconf 77' lang='grc' dir='ltr'><strong><em>ἐργοδιώκτῃ</em></strong></span> <span class='ocrx_word' id='word_1_41' title='bbox 778 2168 836 2209; x_wconf 91' lang='lat' dir='ltr'><strong>suo</strong></span> <span class='ocrx_word' id='word_1_42' title='bbox 854 2161 887 2210; x_wconf 91' lang='lat' dir='ltr'><strong>et</strong></span> <span class='ocrx_word' id='word_1_43' title='bbox 905 2147 1059 2224; x_wconf 85' lang='lat' dir='ltr'><strong>Tatianae‚</strong></span> <span class='ocrx_word' id='word_1_44' title='bbox 1077 2144 1343 2210; x_wconf 86' lang='lat' dir='ltr'><strong>modestissimam</strong></span> <span class='ocrx_word' id='word_1_45' title='bbox 1365 2147 1540 2228; x_wconf 72' lang='grc' dir='ltr'><strong><em>(κοσμιωτά-</em></strong></span> 
     </span>
     <span class='ocr_line' id='line_1_8' title="bbox 504 2230 1511 2317; baseline 0.004 -28"><span class='ocrx_word' id='word_1_46' title='bbox 504 2230 564 2305; x_wconf 88' lang='grc' dir='ltr'><strong><em>την)</em></strong></span> <span class='ocrx_word' id='word_1_47' title='bbox 583 2249 679 2312; x_wconf 88' lang='lat' dir='ltr'><strong>quam</strong></span> <span class='ocrx_word' id='word_1_48' title='bbox 694 2244 787 2294; x_wconf 85' lang='lat' dir='ltr'><strong>vocat</strong></span> <span class='ocrx_word' id='word_1_49' title='bbox 802 2243 898 2317; x_wconf 90' lang='lat' dir='ltr'><strong>atque</strong></span> <span class='ocrx_word' id='word_1_50' title='bbox 914 2232 1120 2295; x_wconf 73' lang='lat' dir='ltr'><strong>fortissumum</strong></span> <span class='ocrx_word' id='word_1_51' title='bbox 1136 2230 1299 2294; x_wconf 85' lang='lat' dir='ltr'><strong>feminam.</strong></span> <span class='ocrx_word' id='word_1_52' title='bbox 1508 2240 1511 2247; x_wconf 86' lang='lat'>&#39;</span> 
     </span>
    </p>

    <p class='ocr_par' dir='ltr' id='par_1_6' title="bbox 494 2312 1541 2996">
     <span class='ocr_line' id='line_1_9' title="bbox 548 2312 1540 2401; baseline 0.005 -27"><span class='ocrx_word' id='word_1_53' title='bbox 548 2312 630 2375; x_wconf 89' lang='lat' dir='ltr'><strong>Ibid.</strong></span> <span class='ocrx_word' id='word_1_54' title='bbox 647 2314 669 2377; x_wconf 92' lang='lat' dir='ltr'><strong>l.</strong></span> <span class='ocrx_word' id='word_1_55' title='bbox 686 2329 735 2377; x_wconf 85' lang='lat'><strong>23.</strong></span> <span class='ocrx_word' id='word_1_56' title='bbox 762 2320 942 2387; x_wconf 60' lang='lat' dir='ltr'><strong>Ambrosius</strong></span> <span class='ocrx_word' id='word_1_57' title='bbox 957 2340 1014 2395; x_wconf 91' lang='lat' dir='ltr'><strong>quo</strong></span> <span class='ocrx_word' id='word_1_58' title='bbox 1029 2316 1156 2400; x_wconf 84' lang='lat' dir='ltr'><strong>chartas]</strong></span> <span class='ocrx_word' id='word_1_59' title='bbox 1180 2316 1262 2378; x_wconf 87' lang='lat' dir='ltr'><strong>Haec</strong></span> <span class='ocrx_word' id='word_1_60' title='bbox 1285 2313 1478 2401; x_wconf 78' lang='lat' dir='ltr'><strong>Hieronymi</strong></span> <span class='ocrx_word' id='word_1_61' title='bbox 1499 2316 1540 2379; x_wconf 80' lang='lat' dir='ltr'><strong>de</strong></span> 
     </span>
     <span class='ocr_line' id='line_1_10' title="bbox 505 2395 1538 2487; baseline 0.003 -26"><span class='ocrx_word' id='word_1_62' title='bbox 505 2395 655 2482; x_wconf 87' lang='lat' dir='ltr'><strong>Origenis</strong></span> <span class='ocrx_word' id='word_1_63' title='bbox 679 2401 908 2487; x_wconf 89' lang='lat' dir='ltr'><strong>Ambrosiique</strong></span> <span class='ocrx_word' id='word_1_64' title='bbox 933 2402 1077 2484; x_wconf 73' lang='grc' dir='ltr'>φιλοπονίᾳ</span> <span class='ocrx_word' id='word_1_65' title='bbox 1105 2400 1250 2486; x_wconf 90' lang='lat' dir='ltr'><strong>repetivit</strong></span> <span class='ocrx_word' id='word_1_66' title='bbox 1276 2398 1408 2463; x_wconf 86' lang='lat' dir='ltr'><strong>Rufinus</strong></span> <span class='ocrx_word' id='word_1_67' title='bbox 1429 2400 1485 2463; x_wconf 88' lang='lat' dir='ltr'><strong>lib.</strong></span> <span class='ocrx_word' id='word_1_68' title='bbox 1505 2400 1538 2464; x_wconf 91' lang='lat' dir='ltr'><strong>ii.</strong></span> 
     </span>
     <span class='ocr_line' id='line_1_11' title="bbox 504 2482 1539 2569; baseline 0.005 -25"><span class='ocrx_word' id='word_1_69' title='bbox 504 2482 706 2547; x_wconf 69' lang='lat' dir='ltr'><strong>Iuventium</strong></span> <span class='ocrx_word' id='word_1_70' title='bbox 729 2485 859 2549; x_wconf 81' lang='lat' dir='ltr'><strong>Hieron.</strong></span> <span class='ocrx_word' id='word_1_71' title='bbox 908 2499 998 2548; x_wconf 82' lang='lat'><strong>.425.</strong></span> <span class='ocrx_word' id='word_1_72' title='bbox 1018 2486 1152 2569; x_wconf 80' lang='lat' dir='ltr'><strong>Operum</strong></span> <span class='ocrx_word' id='word_1_73' title='bbox 1169 2486 1202 2549; x_wconf 84' lang='lat' dir='ltr'><strong>S.</strong></span> <span class='ocrx_word' id='word_1_74' title='bbox 1221 2484 1350 2548; x_wconf 81' lang='lat' dir='ltr'><strong>Hieron.</strong></span> <span class='ocrx_word' id='word_1_75' title='bbox 1371 2483 1422 2547; x_wconf 89' lang='lat' dir='ltr'><strong>ed.</strong></span> <span class='ocrx_word' id='word_1_76' title='bbox 1446 2487 1539 2549; x_wconf 88' lang='lat' dir='ltr'><strong>Mar·</strong></span> 
     </span>
     <span class='ocr_line' id='line_1_12' title="bbox 502 2508 1539 2655; baseline 0.004 -25"><span class='ocrx_word' id='word_1_77' title='bbox 502 2567 579 2630; x_wconf 87' lang='lat' dir='ltr'><strong>tian.</strong></span> <span class='ocrx_word' id='word_1_78' title='bbox 601 2568 657 2631; x_wconf 94' lang='lat' dir='ltr'><strong>ubi</strong></span> <span class='ocrx_word' id='word_1_79' title='bbox 680 2568 758 2634; x_wconf 79' lang='lat' dir='ltr'><strong>cibos</strong></span> <span class='ocrx_word' id='word_1_80' title='bbox 780 2593 839 2655; x_wconf 90' lang='lat' dir='ltr'><strong>pro</strong></span> <span class='ocrx_word' id='word_1_81' title='bbox 860 2508 968 2648; x_wconf 63' lang='lat' dir='ltr'><strong>edum,</strong></span> <span class='ocrx_word' id='word_1_82' title='bbox 989 2571 1015 2634; x_wconf 91' lang='lat' dir='ltr'><strong>si</strong></span> <span class='ocrx_word' id='word_1_83' title='bbox 1033 2569 1113 2640; x_wconf 84' lang='lat' dir='ltr'><strong>tanti</strong></span> <span class='ocrx_word' id='word_1_84' title='bbox 1133 2583 1182 2634; x_wconf 91' lang='lat' dir='ltr'><strong>est</strong></span> <span class='ocrx_word' id='word_1_85' title='bbox 1201 2570 1233 2633; x_wconf 93' lang='lat' dir='ltr'><strong>id</strong></span> <span class='ocrx_word' id='word_1_86' title='bbox 1253 2571 1379 2647; x_wconf 88' lang='lat' dir='ltr'><strong>referre,</strong></span> <span class='ocrx_word' id='word_1_87' title='bbox 1397 2571 1539 2655; x_wconf 91' lang='lat' dir='ltr'><strong>positum</strong></span> 
     </span>
     <span class='ocr_line' id='line_1_13' title="bbox 502 2654 1541 2741; baseline 0.004 -26"><span class='ocrx_word' id='word_1_88' title='bbox 502 2664 562 2716; x_wconf 86' lang='lat' dir='ltr'><strong>est.</strong></span> <span class='ocrx_word' id='word_1_89' title='bbox 609 2654 707 2718; x_wconf 87' lang='lat' dir='ltr'><strong>Porro</strong></span> <span class='ocrx_word' id='word_1_90' title='bbox 728 2669 815 2719; x_wconf 83' lang='lat' dir='ltr'><strong>extat</strong></span> <span class='ocrx_word' id='word_1_91' title='bbox 839 2656 994 2740; x_wconf 87' lang='lat' dir='ltr'><strong>particula</strong></span> <span class='ocrx_word' id='word_1_92' title='bbox 1016 2655 1160 2740; x_wconf 84' lang='lat' dir='ltr'><strong>epistolae</strong></span> <span class='ocrx_word' id='word_1_93' title='bbox 1177 2655 1325 2741; x_wconf 85' lang='lat' dir='ltr'><strong>Origenis</strong></span> <span class='ocrx_word' id='word_1_94' title='bbox 1346 2654 1387 2718; x_wconf 90' lang='lat' dir='ltr'><strong>ad</strong></span> <span class='ocrx_word' id='word_1_95' title='bbox 1406 2655 1541 2719; x_wconf 82' lang='lat' dir='ltr'><strong>eandem</strong></span> 
     </span>
     <span class='ocr_line' id='line_1_14' title="bbox 501 2739 1539 2841; baseline 0.004 -41"><span class='ocrx_word' id='word_1_96' title='bbox 501 2759 570 2801; x_wconf 88' lang='lat' dir='ltr'><strong>rem</strong></span> <span class='ocrx_word' id='word_1_97' title='bbox 583 2739 744 2823; x_wconf 88' lang='lat' dir='ltr'><strong>pertinens</strong></span> <span class='ocrx_word' id='word_1_98' title='bbox 757 2741 842 2825; x_wconf 83' lang='lat' dir='ltr'><strong>apud</strong></span> <span class='ocrx_word' id='word_1_99' title='bbox 857 2740 988 2805; x_wconf 85' lang='lat' dir='ltr'><strong>Suidam</strong></span> <span class='ocrx_word' id='word_1_100' title='bbox 1005 2740 1036 2803; x_wconf 90' lang='lat' dir='ltr'><strong>in</strong></span> <span class='ocrx_word' id='word_1_101' title='bbox 1052 2761 1128 2804; x_wconf 89' lang='lat' dir='ltr'><strong>voce</strong></span> <span class='ocrx_word' id='word_1_102' title='bbox 1140 2740 1298 2841; x_wconf 76' lang='lat' dir='ltr'><strong>Origenes,</strong></span> <span class='ocrx_word' id='word_1_103' title='bbox 1309 2752 1405 2826; x_wconf 85' lang='lat' dir='ltr'><strong>atque</strong></span> <span class='ocrx_word' id='word_1_104' title='bbox 1418 2740 1539 2804; x_wconf 89' lang='lat' dir='ltr'><strong>Cedre-</strong></span> 
     </span>
     <span class='ocr_line' id='line_1_15' title="bbox 501 2823 1539 2914; baseline 0.003 -26"><span class='ocrx_word' id='word_1_105' title='bbox 501 2847 580 2888; x_wconf 91' lang='lat' dir='ltr'><strong>num</strong></span> <span class='ocrx_word' id='word_1_106' title='bbox 598 2823 686 2888; x_wconf 76' lang='lat' dir='ltr'><strong>Hist.</strong></span> <span class='ocrx_word' id='word_1_107' title='bbox 703 2825 867 2911; x_wconf 83' lang='lat' dir='ltr'><strong>Compend.</strong></span> <span class='ocrx_word' id='word_1_108' title='bbox 884 2827 925 2890; x_wconf 87' lang='lat' dir='ltr'><strong>ad</strong></span> <span class='ocrx_word' id='word_1_109' title='bbox 939 2849 972 2913; x_wconf 87' lang='lat' dir='ltr'><strong>p.</strong></span> <span class='ocrx_word' id='word_1_110' title='bbox 984 2840 1054 2891; x_wconf 82' lang='lat'><strong>253.</strong></span> <span class='ocrx_word' id='word_1_111' title='bbox 1069 2825 1120 2890; x_wconf 91' lang='lat' dir='ltr'><strong>ed.</strong></span> <span class='ocrx_word' id='word_1_112' title='bbox 1137 2828 1234 2892; x_wconf 81' lang='lat' dir='ltr'><strong>Paris.</strong></span> <span class='ocrx_word' id='word_1_113' title='bbox 1250 2849 1345 2914; x_wconf 86' lang='lat' dir='ltr'><strong>quarn</strong></span> <span class='ocrx_word' id='word_1_114' title='bbox 1367 2849 1444 2890; x_wconf 86' lang='lat' dir='ltr'><strong>mox</strong></span> <span class='ocrx_word' id='word_1_115' title='bbox 1462 2826 1539 2891; x_wconf 87' lang='lat' dir='ltr'><strong>sub-</strong></span> 
     </span>
     <span class='ocr_line' id='line_1_16' title="bbox 494 2911 647 2996; baseline 0 -24"><span class='ocrx_word' id='word_1_116' title='bbox 494 2911 647 2996; x_wconf 83' lang='lat' dir='ltr'><strong>jungam.</strong></span> 
     </span>
    </p>

    <p class='ocr_par' dir='ltr' id='par_1_7' title="bbox 499 2993 1540 3252">
     <span class='ocr_line' id='line_1_17' title="bbox 544 2993 1539 3082; baseline 0.003 -24"><span class='ocrx_word' id='word_1_117' title='bbox 544 2996 580 3057; x_wconf 88' lang='lat' dir='ltr'><strong>P.</strong></span> <span class='ocrx_word' id='word_1_118' title='bbox 594 3001 664 3058; x_wconf 83' lang='lat'><strong>368.</strong></span> <span class='ocrx_word' id='word_1_119' title='bbox 680 2993 702 3056; x_wconf 85' lang='lat' dir='ltr'><strong>l.</strong></span> <span class='ocrx_word' id='word_1_120' title='bbox 716 3006 747 3057; x_wconf 83' lang='grc'><strong>4.</strong></span> <span class='ocrx_word' id='word_1_121' title='bbox 769 2997 813 3053; x_wconf 86' lang='lat' dir='ltr'><strong>vel</strong></span> <span class='ocrx_word' id='word_1_122' title='bbox 827 2998 974 3080; x_wconf 85' lang='lat' dir='ltr'><strong>noctibus]</strong></span> <span class='ocrx_word' id='word_1_123' title='bbox 993 2999 1080 3061; x_wconf 87' lang='lat' dir='ltr'><strong>Ante</strong></span> <span class='ocrx_word' id='word_1_124' title='bbox 1095 2997 1358 3082; x_wconf 83' lang='lat' dir='ltr'><strong>distinguendum</strong></span> <span class='ocrx_word' id='word_1_125' title='bbox 1376 3019 1445 3060; x_wconf 88' lang='lat' dir='ltr'><strong>esse</strong></span> <span class='ocrx_word' id='word_1_126' title='bbox 1462 3019 1539 3061; x_wconf 86' lang='lat' dir='ltr'><strong>cen·</strong></span> 
     </span>
     <span class='ocr_line' id='line_1_18' title="bbox 499 3078 1540 3166; baseline 0.003 -23"><span class='ocrx_word' id='word_1_127' title='bbox 499 3079 561 3157; x_wconf 86' lang='lat' dir='ltr'><strong>sui,</strong></span> <span class='ocrx_word' id='word_1_128' title='bbox 577 3092 614 3143; x_wconf 91' lang='lat' dir='ltr'><strong>ut</strong></span> <span class='ocrx_word' id='word_1_129' title='bbox 652 3078 817 3143; x_wconf 76' lang='lat' dir='ltr'><strong>articulum</strong></span> <span class='ocrx_word' id='word_1_130' title='bbox 834 3081 884 3144; x_wconf 79' lang='lat' dir='ltr'><strong>vel</strong></span> <span class='ocrx_word' id='word_1_131' title='bbox 902 3081 1117 3166; x_wconf 88' lang='lat' dir='ltr'><strong>interpreteris</strong></span> <span class='ocrx_word' id='word_1_132' title='bbox 1132 3083 1239 3160; x_wconf 82' lang='lat' dir='ltr'><strong>etium,</strong></span> <span class='ocrx_word' id='word_1_133' title='bbox 1254 3082 1313 3145; x_wconf 91' lang='lat' dir='ltr'><strong>nisi</strong></span> <span class='ocrx_word' id='word_1_134' title='bbox 1332 3081 1481 3146; x_wconf 79' lang='lat' dir='ltr'><strong>malueris</strong></span> <span class='ocrx_word' id='word_1_135' title='bbox 1497 3093 1540 3163; x_wconf 82' lang='lat' dir='ltr'><strong>et,</strong></span> 
     </span>
     <span class='ocr_line' id='line_1_19' title="bbox 500 3101 1145 3252; baseline 0.003 -25"><span class='ocrx_word' id='word_1_136' title='bbox 500 3164 591 3252; x_wconf 91' lang='lat' dir='ltr'><strong>quod</strong></span> <span class='ocrx_word' id='word_1_137' title='bbox 607 3101 660 3228; x_wconf 72' lang='lat' dir='ltr'><strong>adi</strong></span> <span class='ocrx_word' id='word_1_138' title='bbox 677 3164 807 3242; x_wconf 88' lang='lat' dir='ltr'><strong>habent,</strong></span> <span class='ocrx_word' id='word_1_139' title='bbox 822 3188 880 3250; x_wconf 92' lang='lat' dir='ltr'><strong>pro</strong></span> <span class='ocrx_word' id='word_1_140' title='bbox 895 3165 946 3228; x_wconf 80' lang='lat' dir='ltr'><strong>vel</strong></span> <span class='ocrx_word' id='word_1_141' title='bbox 961 3166 1011 3229; x_wconf 91' lang='lat' dir='ltr'><strong>hic</strong></span> <span class='ocrx_word' id='word_1_142' title='bbox 1028 3167 1145 3251; x_wconf 86' lang='lat' dir='ltr'><strong>legere.</strong></span> 
     </span>
    </p>

    <p class='ocr_par' dir='ltr' id='par_1_8' title="bbox 496 3249 1540 4759">
     <span class='ocr_line' id='line_1_20' title="bbox 545 3249 1540 3337; baseline 0.003 -25"><span class='ocrx_word' id='word_1_143' title='bbox 545 3249 628 3313; x_wconf 91' lang='lat' dir='ltr'><strong>Ibid.</strong></span> <span class='ocrx_word' id='word_1_144' title='bbox 644 3249 667 3313; x_wconf 84' lang='lat' dir='ltr'><strong>l.</strong></span> <span class='ocrx_word' id='word_1_145' title='bbox 683 3265 712 3312; x_wconf 87' lang='lat'><strong>5.</strong></span> <span class='ocrx_word' id='word_1_146' title='bbox 735 3251 910 3334; x_wconf 84' lang='lat' dir='ltr'><strong>lectionem]</strong></span> <span class='ocrx_word' id='word_1_147' title='bbox 930 3251 1030 3337; x_wconf 89' lang='lat' dir='ltr'><strong>Apud</strong></span> <span class='ocrx_word' id='word_1_148' title='bbox 1054 3251 1185 3314; x_wconf 85' lang='lat' dir='ltr'><strong>Suidam</strong></span> <span class='ocrx_word' id='word_1_149' title='bbox 1208 3263 1241 3313; x_wconf 91' lang='lat' dir='ltr'><strong>et</strong></span> <span class='ocrx_word' id='word_1_150' title='bbox 1264 3249 1448 3314; x_wconf 88' lang='lat' dir='ltr'><strong>Cedrenum</strong></span> <span class='ocrx_word' id='word_1_151' title='bbox 1463 3262 1540 3336; x_wconf 90' lang='lat' dir='ltr'><strong>post</strong></span> 
     </span>
     <span class='ocr_line' id='line_1_21' title="bbox 499 3332 1539 3422; baseline 0.002 -26"><span class='ocrx_word' id='word_1_152' title='bbox 499 3332 572 3411; x_wconf 16' lang='lat' dir='ltr'>huaec</span> <span class='ocrx_word' id='word_1_153' title='bbox 588 3334 690 3412; x_wconf 83' lang='lat' dir='ltr'><strong>verba,</strong></span> <span class='ocrx_word' id='word_1_154' title='bbox 704 3341 833 3399; x_wconf 85' lang='grc' dir='ltr'><strong><em>τοσοῦτον</em></strong></span> <span class='ocrx_word' id='word_1_155' title='bbox 845 3339 904 3422; x_wconf 68' lang='grc' dir='ltr'><strong>γάρ</strong></span> <span class='ocrx_word' id='word_1_156' title='bbox 920 3339 998 3416; x_wconf 74' lang='grc' dir='ltr'><strong><em>ζῆλον</em></strong></span> <span class='ocrx_word' id='word_1_157' title='bbox 1013 3340 1049 3410; x_wconf 82' lang='grc' dir='ltr'><strong><em>είς</em></strong></span> <span class='ocrx_word' id='word_1_158' title='bbox 1061 3341 1109 3413; x_wconf 74' lang='grc' dir='ltr'><strong>τὴν</strong></span> <span class='ocrx_word' id='word_1_159' title='bbox 1123 3337 1251 3420; x_wconf 73' lang='grc' dir='ltr'><strong>ἐξήγησιν</strong></span> <span class='ocrx_word' id='word_1_160' title='bbox 1271 3343 1323 3398; x_wconf 77' lang='grc' dir='ltr'><strong>τῶν</strong></span> <span class='ocrx_word' id='word_1_161' title='bbox 1340 3335 1420 3397; x_wconf 67' lang='grc' dir='ltr'><strong><em>θείων</em></strong></span> <span class='ocrx_word' id='word_1_162' title='bbox 1436 3334 1539 3419; x_wconf 77' lang='grc' dir='ltr'><strong><em>λογίαν</em></strong></span> 
     </span>
     <span class='ocr_line' id='line_1_22' title="bbox 500 3418 1539 3505; baseline 0.001 -24"><span class='ocrx_word' id='word_1_163' title='bbox 500 3423 513 3481; x_wconf 79' lang='grc' dir='ltr'><strong><em>ὃ</em></strong></span> <span class='ocrx_word' id='word_1_164' title='bbox 534 3418 701 3504; x_wconf 70' lang='grc' dir='ltr'><strong><em>Ἀμέράσιος</em></strong></span> <span class='ocrx_word' id='word_1_165' title='bbox 717 3419 880 3497; x_wconf 74' lang='grc' dir='ltr'><strong>ἐπεδείξατο,</strong></span> <span class='ocrx_word' id='word_1_166' title='bbox 895 3418 947 3493; x_wconf 76' lang='grc' dir='ltr'><strong><em>ὥςε</em></strong></span> <span class='ocrx_word' id='word_1_167' title='bbox 964 3425 1011 3498; x_wconf 73' lang='grc' dir='ltr'><strong>τὴν</strong></span> <span class='ocrx_word' id='word_1_168' title='bbox 1025 3425 1138 3499; x_wconf 72' lang='grc' dir='ltr'><strong><em>πολλὴν</em></strong></span> <span class='ocrx_word' id='word_1_169' title='bbox 1158 3425 1242 3483; x_wconf 82' lang='grc' dir='ltr'><strong><em>αὐτοῦ</em></strong></span> <span class='ocrx_word' id='word_1_170' title='bbox 1260 3421 1375 3496; x_wconf 71' lang='grc' dir='ltr'><strong><em>σπονδὴν</em></strong></span> <span class='ocrx_word' id='word_1_171' title='bbox 1394 3419 1539 3505; x_wconf 79' lang='grc' dir='ltr'><strong><em>Ὠριγένης</em></strong></span> 
     </span>
     <span class='ocr_line' id='line_1_23' title="bbox 498 3504 1537 3592; baseline 0.002 -25"><span class='ocrx_word' id='word_1_172' title='bbox 498 3513 657 3589; x_wconf 77' lang='grc' dir='ltr'><strong><em>μαρτυρῶν,</em></strong></span> <span class='ocrx_word' id='word_1_173' title='bbox 677 3505 776 3590; x_wconf 78' lang='grc' dir='ltr'><strong><em>γράφει</em></strong></span> <span class='ocrx_word' id='word_1_174' title='bbox 795 3504 868 3589; x_wconf 78' lang='grc' dir='ltr'><strong><em>στράς</em></strong></span> <span class='ocrx_word' id='word_1_175' title='bbox 888 3532 949 3568; x_wconf 88' lang='grc' dir='ltr'><strong><em>τινα</em></strong></span> <span class='ocrx_word' id='word_1_176' title='bbox 970 3505 1072 3591; x_wconf 77' lang='grc' dir='ltr'><strong><em>λέγων,</em></strong></span> <span class='ocrx_word' id='word_1_177' title='bbox 1093 3521 1269 3592; x_wconf 87' lang='lat' dir='ltr'><strong>sequuntur</strong></span> <span class='ocrx_word' id='word_1_178' title='bbox 1291 3505 1440 3590; x_wconf 85' lang='lat' dir='ltr'><strong>Origenis</strong></span> <span class='ocrx_word' id='word_1_179' title='bbox 1462 3505 1537 3590; x_wconf 91' lang='lat' dir='ltr'><strong>pul-</strong></span> 
     </span>
     <span class='ocr_line' id='line_1_24' title="bbox 500 3585 1539 3737; baseline 0.001 -84"><span class='ocrx_word' id='word_1_180' title='bbox 500 3585 579 3653; x_wconf 82' lang='lat' dir='ltr'><strong>chra</strong></span> <span class='ocrx_word' id='word_1_181' title='bbox 594 3590 705 3652; x_wconf 87' lang='lat' dir='ltr'><strong>isthaec</strong></span> <span class='ocrx_word' id='word_1_182' title='bbox 721 3589 948 3654; x_wconf 86' lang='lat' dir='ltr'><strong>admonitionis</strong></span> <span class='ocrx_word' id='word_1_183' title='bbox 962 3590 1057 3677; x_wconf 86' lang='lat' dir='ltr'><strong>plena</strong></span> <span class='ocrx_word' id='word_1_184' title='bbox 1063 3617 1073 3670; x_wconf 80' lang='lat'>3</span> <span class='ocrx_word' id='word_1_185' title='bbox 1087 3595 1124 3654; x_wconf 83' lang='lat'><strong>‘0</strong></span> <span class='ocrx_word' id='word_1_186' title='bbox 1138 3593 1238 3699; x_wconf 54' lang='grc' dir='ltr'><strong><em>ἱερὸςγὲ</em></strong></span> <span class='ocrx_word' id='word_1_187' title='bbox 1253 3595 1320 3675; x_wconf 77' lang='grc' dir='ltr'><strong><em>Θεῷ</em></strong></span> <span class='ocrx_word' id='word_1_188' title='bbox 1333 3591 1453 3737; x_wconf 80' lang='grc' dir='ltr'><strong><em>γνησίας</em></strong></span> <span class='ocrx_word' id='word_1_189' title='bbox 1468 3595 1539 3654; x_wconf 80' lang='grc' dir='ltr'><strong><em>ἀνα-</em></strong></span> 
     </span>
     <span class='ocr_line' id='line_1_25' title="bbox 500 3672 1540 3764; baseline 0 -27"><span class='ocrx_word' id='word_1_190' title='bbox 500 3672 622 3756; x_wconf 82' lang='grc' dir='ltr'><strong><em>κείμενος</em></strong></span> <span class='ocrx_word' id='word_1_191' title='bbox 636 3673 802 3761; x_wconf 67' lang='grc' dir='ltr'><strong><em>Ἀμάςάσνος</em></strong></span> <span class='ocrx_word' id='word_1_192' title='bbox 815 3679 911 3737; x_wconf 83' lang='grc' dir='ltr'><strong><em>πολλοὶ</em></strong></span> <span class='ocrx_word' id='word_1_193' title='bbox 925 3676 1129 3764; x_wconf 71' lang='grc' dir='ltr'><strong><em>προσαγορεύει</em></strong></span> <span class='ocrx_word' id='word_1_194' title='bbox 1145 3699 1187 3739; x_wconf 91' lang='grc' dir='ltr'><strong><em>σε·</em></strong></span> <span class='ocrx_word' id='word_1_195' title='bbox 1212 3703 1267 3750; x_wconf 79' lang='grc' dir='ltr'><strong><em>οςις</em></strong></span> <span class='ocrx_word' id='word_1_196' title='bbox 1282 3702 1332 3757; x_wconf 87' lang='grc' dir='ltr'><strong>νομ</strong></span> <span class='ocrx_word' id='word_1_197' title='bbox 1345 3680 1394 3757; x_wconf 80' lang='grc' dir='ltr'><strong>ξων</strong></span> <span class='ocrx_word' id='word_1_198' title='bbox 1409 3703 1445 3757; x_wconf 82' lang='grc' dir='ltr'><strong><em>με</em></strong></span> <span class='ocrx_word' id='word_1_199' title='bbox 1460 3675 1540 3757; x_wconf 79' lang='grc' dir='ltr'><strong><em>φιλά-</em></strong></span> 
     </span>
     <span class='ocr_line' id='line_1_26' title="bbox 499 3759 1538 3846; baseline 0 -24"><span class='ocrx_word' id='word_1_200' title='bbox 499 3783 579 3822; x_wconf 83' lang='grc' dir='ltr'><strong><em>πονον</em></strong></span> <span class='ocrx_word' id='word_1_201' title='bbox 594 3759 693 3844; x_wconf 54' lang='lat' dir='ltr'><strong>sinuosi</strong></span> <span class='ocrx_word' id='word_1_202' title='bbox 709 3760 787 3822; x_wconf 82' lang='grc' dir='ltr'><strong><em>οτάνιι</em></strong></span> <span class='ocrx_word' id='word_1_203' title='bbox 802 3761 883 3845; x_wconf 74' lang='grc' dir='ltr'><strong><em>διψᾷν</em></strong></span> <span class='ocrx_word' id='word_1_204' title='bbox 897 3768 945 3824; x_wconf 83' lang='grc' dir='ltr'><strong>τοῦ</strong></span> <span class='ocrx_word' id='word_1_205' title='bbox 958 3761 1032 3824; x_wconf 72' lang='grc' dir='ltr'><strong><em>θείου</em></strong></span> <span class='ocrx_word' id='word_1_206' title='bbox 1047 3763 1133 3846; x_wconf 79' lang='grc' dir='ltr'><strong><em>λάγε,</em></strong></span> <span class='ocrx_word' id='word_1_207' title='bbox 1148 3763 1249 3846; x_wconf 69' lang='grc' dir='ltr'><strong><em>ἤλεγξε</em></strong></span> <span class='ocrx_word' id='word_1_208' title='bbox 1262 3766 1296 3846; x_wconf 74' lang='grc' dir='ltr'><strong>τῇ</strong></span> <span class='ocrx_word' id='word_1_209' title='bbox 1313 3761 1367 3845; x_wconf 76' lang='grc' dir='ltr'><strong>ἰδίᾳ</strong></span> <span class='ocrx_word' id='word_1_210' title='bbox 1384 3759 1538 3846; x_wconf 77' lang='grc' dir='ltr'><strong><em>φιλοπονίᾳ,</em></strong></span> 
     </span>
     <span class='ocr_line' id='line_1_27' title="bbox 499 3842 1539 3930; baseline 0.002 -23"><span class='ocrx_word' id='word_1_211' title='bbox 499 3849 540 3929; x_wconf 76' lang='grc' dir='ltr'><strong>τῷ</strong></span> <span class='ocrx_word' id='word_1_212' title='bbox 559 3842 632 3927; x_wconf 86' lang='lat' dir='ltr'><strong>(for.</strong></span> <span class='ocrx_word' id='word_1_213' title='bbox 648 3847 696 3907; x_wconf 80' lang='grc' dir='ltr'><strong>καί</strong></span> <span class='ocrx_word' id='word_1_214' title='bbox 710 3850 761 3930; x_wconf 76' lang='grc' dir='ltr'><strong>τῷ)</strong></span> <span class='ocrx_word' id='word_1_215' title='bbox 777 3847 850 3929; x_wconf 82' lang='grc' dir='ltr'><strong><em>οτφὸς</em></strong></span> <span class='ocrx_word' id='word_1_216' title='bbox 864 3850 902 3908; x_wconf 87' lang='grc' dir='ltr'><strong>τοὶ</strong></span> <span class='ocrx_word' id='word_1_217' title='bbox 917 3844 989 3929; x_wconf 84' lang='grc' dir='ltr'><strong><em>άγνα</em></strong></span> <span class='ocrx_word' id='word_1_218' title='bbox 1002 3849 1162 3929; x_wconf 70' lang='grc' dir='ltr'><strong><em>μαθήματα</em></strong></span> <span class='ocrx_word' id='word_1_219' title='bbox 1177 3845 1265 3929; x_wconf 73' lang='grc' dir='ltr'><strong><em>ἔρωτι.</em></strong></span> <span class='ocrx_word' id='word_1_220' title='bbox 1289 3844 1349 3907; x_wconf 70' lang='grc' dir='ltr'><strong><em>ὅθεν</em></strong></span> <span class='ocrx_word' id='word_1_221' title='bbox 1364 3848 1406 3906; x_wconf 78' lang='grc' dir='ltr'><strong>ἐπὶ</strong></span> <span class='ocrx_word' id='word_1_222' title='bbox 1420 3850 1539 3909; x_wconf 76' lang='grc' dir='ltr'><strong><em>τοσὲτον</em></strong></span> 
     </span>
     <span class='ocr_line' id='line_1_28' title="bbox 498 3928 1537 4016; baseline 0 -24"><span class='ocrx_word' id='word_1_223' title='bbox 498 3956 536 4012; x_wconf 83' lang='grc' dir='ltr'><strong><em>με</em></strong></span> <span class='ocrx_word' id='word_1_224' title='bbox 551 3932 761 4014; x_wconf 64' lang='grc' dir='ltr'><strong><em>οταφελήλυθεη,</em></strong></span> <span class='ocrx_word' id='word_1_225' title='bbox 777 3928 830 4002; x_wconf 70' lang='lat' dir='ltr'><strong>viss</strong></span> <span class='ocrx_word' id='word_1_226' title='bbox 845 3931 998 3994; x_wconf 73' lang='grc' dir='ltr'><strong><em>κινδυνεύειν</em></strong></span> <span class='ocrx_word' id='word_1_227' title='bbox 1015 3935 1138 4015; x_wconf 79' lang='grc' dir='ltr'><strong><em>άπαυδᾷν</em></strong></span> <span class='ocrx_word' id='word_1_228' title='bbox 1158 3932 1231 4016; x_wconf 68' lang='grc' dir='ltr'><strong>πρὸς</strong></span> <span class='ocrx_word' id='word_1_229' title='bbox 1248 3934 1299 4004; x_wconf 78' lang='grc' dir='ltr'><strong><em>τοὶς</em></strong></span> <span class='ocrx_word' id='word_1_230' title='bbox 1318 3933 1401 3993; x_wconf 80' lang='grc' dir='ltr'><strong><em>αὐτοῦ</em></strong></span> <span class='ocrx_word' id='word_1_231' title='bbox 1423 3930 1537 4016; x_wconf 69' lang='lat' dir='ltr'><strong>osporci·</strong></span> 
     </span>
     <span class='ocr_line' id='line_1_29' title="bbox 499 4013 1538 4100; baseline 0.001 -23"><span class='ocrx_word' id='word_1_232' title='bbox 499 4039 569 4089; x_wconf 88' lang='grc' dir='ltr'><strong><em>σεις.</em></strong></span> <span class='ocrx_word' id='word_1_233' title='bbox 594 4013 642 4077; x_wconf 67' lang='grc' dir='ltr'><strong><em>ὅτε</em></strong></span> <span class='ocrx_word' id='word_1_234' title='bbox 657 4019 714 4100; x_wconf 79' lang='grc' dir='ltr'><strong><em>γοὶρ</em></strong></span> <span class='ocrx_word' id='word_1_235' title='bbox 729 4018 865 4095; x_wconf 55' lang='grc' dir='ltr'><strong><em>δειπνῆσαί</em></strong></span> <span class='ocrx_word' id='word_1_236' title='bbox 880 4016 934 4088; x_wconf 81' lang='grc' dir='ltr'><strong><em>ἐςίν</em></strong></span> <span class='ocrx_word' id='word_1_237' title='bbox 948 4015 988 4078; x_wconf 73' lang='grc' dir='ltr'><strong>ὅτι</strong></span> <span class='ocrx_word' id='word_1_238' title='bbox 1003 4020 1041 4098; x_wconf 73' lang='grc' dir='ltr'><strong>μὴ</strong></span> <span class='ocrx_word' id='word_1_239' title='bbox 1056 4014 1272 4092; x_wconf 69' lang='grc' dir='ltr'><strong><em>άντιὸάλλοντα,</em></strong></span> <span class='ocrx_word' id='word_1_240' title='bbox 1289 4013 1349 4076; x_wconf 77' lang='grc' dir='ltr'><strong><em>οὔτε</em></strong></span> <span class='ocrx_word' id='word_1_241' title='bbox 1366 4017 1538 4093; x_wconf 79' lang='grc' dir='ltr'><strong><em>δενπνῆσανία</em></strong></span> 
     </span>
     <span class='ocr_line' id='line_1_30' title="bbox 500 4099 1538 4187; baseline 0.001 -25"><span class='ocrx_word' id='word_1_242' title='bbox 500 4099 572 4177; x_wconf 75' lang='grc' dir='ltr'><strong><em>ίξεςι</em></strong></span> <span class='ocrx_word' id='word_1_243' title='bbox 587 4106 790 4187; x_wconf 62' lang='lat' dir='ltr'><strong>aspirationi,</strong></span> <span class='ocrx_word' id='word_1_244' title='bbox 805 4102 852 4163; x_wconf 80' lang='grc' dir='ltr'><strong>καί</strong></span> <span class='ocrx_word' id='word_1_245' title='bbox 867 4102 1049 4179; x_wconf 66' lang='grc' dir='ltr'><strong><em>διαναπαῦσαι</em></strong></span> <span class='ocrx_word' id='word_1_246' title='bbox 1062 4103 1094 4165; x_wconf 73' lang='grc' dir='ltr'><strong>τί</strong></span> <span class='ocrx_word' id='word_1_247' title='bbox 1108 4102 1259 4182; x_wconf 79' lang='grc' dir='ltr'><strong><em>σωμάτιον·</em></strong></span> <span class='ocrx_word' id='word_1_248' title='bbox 1283 4103 1362 4162; x_wconf 79' lang='grc' dir='ltr'><strong><em>άλλοὶ</em></strong></span> <span class='ocrx_word' id='word_1_249' title='bbox 1377 4101 1425 4161; x_wconf 86' lang='grc' dir='ltr'><strong>καί</strong></span> <span class='ocrx_word' id='word_1_250' title='bbox 1439 4103 1466 4162; x_wconf 76' lang='grc' dir='ltr'><strong>ἐν</strong></span> <span class='ocrx_word' id='word_1_251' title='bbox 1481 4105 1538 4176; x_wconf 80' lang='grc' dir='ltr'><strong><em>τοῖς</em></strong></span> 
     </span>
     <span class='ocr_line' id='line_1_31' title="bbox 499 4183 1538 4270; baseline 0 -22"><span class='ocrx_word' id='word_1_252' title='bbox 499 4189 604 4270; x_wconf 76' lang='grc' dir='ltr'><strong><em>καιροῖς</em></strong></span> <span class='ocrx_word' id='word_1_253' title='bbox 619 4184 725 4259; x_wconf 80' lang='grc' dir='ltr'><strong><em>ἐκείνοις</em></strong></span> <span class='ocrx_word' id='word_1_254' title='bbox 739 4189 897 4270; x_wconf 80' lang='grc' dir='ltr'><strong><em>φιλολογεῖν</em></strong></span> <span class='ocrx_word' id='word_1_255' title='bbox 918 4187 965 4248; x_wconf 80' lang='grc' dir='ltr'><strong>καί</strong></span> <span class='ocrx_word' id='word_1_256' title='bbox 986 4185 1102 4270; x_wconf 64' lang='lat' dir='ltr'><strong>inpediit</strong></span> <span class='ocrx_word' id='word_1_257' title='bbox 1116 4191 1153 4248; x_wconf 77' lang='grc' dir='ltr'><strong>τοὶ</strong></span> <span class='ocrx_word' id='word_1_258' title='bbox 1168 4183 1327 4270; x_wconf 79' lang='grc' dir='ltr'><strong><em>ἀντίγραφα</em></strong></span> <span class='ocrx_word' id='word_1_259' title='bbox 1340 4186 1538 4270; x_wconf 79' lang='grc' dir='ltr'><strong><em>άναγιιαζάμε·</em></strong></span> 
     </span>
     <span class='ocr_line' id='line_1_32' title="bbox 498 4268 1537 4356; baseline 0 -23"><span class='ocrx_word' id='word_1_260' title='bbox 498 4274 550 4334; x_wconf 72' lang='grc' dir='ltr'><strong>θα.</strong></span> <span class='ocrx_word' id='word_1_261' title='bbox 574 4268 634 4333; x_wconf 80' lang='grc' dir='ltr'><strong><em>οὔτε</em></strong></span> <span class='ocrx_word' id='word_1_262' title='bbox 648 4274 701 4352; x_wconf 75' lang='grc' dir='ltr'><strong>μην</strong></span> <span class='ocrx_word' id='word_1_263' title='bbox 715 4269 778 4348; x_wconf 74' lang='grc' dir='ltr'><strong><em>ὅλην</em></strong></span> <span class='ocrx_word' id='word_1_264' title='bbox 792 4271 834 4332; x_wconf 83' lang='grc' dir='ltr'><strong>ἐπί</strong></span> <span class='ocrx_word' id='word_1_265' title='bbox 849 4271 983 4356; x_wconf 70' lang='grc' dir='ltr'><strong><em>θεραπείᾳ</em></strong></span> <span class='ocrx_word' id='word_1_266' title='bbox 997 4279 1045 4333; x_wconf 83' lang='grc' dir='ltr'><strong>τοῦ</strong></span> <span class='ocrx_word' id='word_1_267' title='bbox 1060 4270 1190 4353; x_wconf 75' lang='grc' dir='ltr'><strong><em>σώματος</em></strong></span> <span class='ocrx_word' id='word_1_268' title='bbox 1203 4273 1251 4347; x_wconf 79' lang='grc' dir='ltr'><strong>τὴν</strong></span> <span class='ocrx_word' id='word_1_269' title='bbox 1265 4269 1352 4332; x_wconf 85' lang='grc' dir='ltr'><strong><em>νάκτα</em></strong></span> <span class='ocrx_word' id='word_1_270' title='bbox 1371 4269 1456 4347; x_wconf 76' lang='grc' dir='ltr'><strong><em>ἔξεςνν</em></strong></span> <span class='ocrx_word' id='word_1_271' title='bbox 1474 4275 1537 4352; x_wconf 76' lang='grc' dir='ltr'><strong><em>ἡμῖν</em></strong></span> 
     </span>
     <span class='ocr_line' id='line_1_33' title="bbox 499 4353 1536 4443; baseline 0 -26"><span class='ocrx_word' id='word_1_272' title='bbox 499 4359 654 4437; x_wconf 51' lang='lat' dir='ltr'><strong>insipidas,</strong></span> <span class='ocrx_word' id='word_1_273' title='bbox 669 4357 711 4417; x_wconf 79' lang='grc' dir='ltr'><strong>ἐπί</strong></span> <span class='ocrx_word' id='word_1_274' title='bbox 726 4358 804 4418; x_wconf 71' lang='grc' dir='ltr'><strong><em>πολὺ</em></strong></span> <span class='ocrx_word' id='word_1_275' title='bbox 819 4362 867 4431; x_wconf 77' lang='grc' dir='ltr'><strong>τῆς</strong></span> <span class='ocrx_word' id='word_1_276' title='bbox 881 4355 998 4443; x_wconf 61' lang='grc' dir='ltr'><strong><em>ἑσπέρας</em></strong></span> <span class='ocrx_word' id='word_1_277' title='bbox 1017 4362 1065 4431; x_wconf 76' lang='grc' dir='ltr'><strong>της</strong></span> <span class='ocrx_word' id='word_1_278' title='bbox 1079 4354 1244 4438; x_wconf 79' lang='grc' dir='ltr'><strong><em>φιλολογίας</em></strong></span> <span class='ocrx_word' id='word_1_279' title='bbox 1258 4353 1478 4439; x_wconf 78' lang='grc' dir='ltr'><strong><em>σταφατεινιίσης.</em></strong></span> <span class='ocrx_word' id='word_1_280' title='bbox 1501 4359 1536 4418; x_wconf 78' lang='grc' dir='ltr'><strong>ἐῶ</strong></span> 
     </span>
     <span class='ocr_line' id='line_1_34' title="bbox 498 4437 1534 4527; baseline 0 -26"><span class='ocrx_word' id='word_1_281' title='bbox 498 4440 526 4502; x_wconf 75' lang='grc' dir='ltr'><strong>δὲ</strong></span> <span class='ocrx_word' id='word_1_282' title='bbox 540 4439 636 4525; x_wconf 80' lang='grc' dir='ltr'><strong><em>λέγειν</em></strong></span> <span class='ocrx_word' id='word_1_283' title='bbox 651 4441 697 4502; x_wconf 79' lang='grc' dir='ltr'><strong>καί</strong></span> <span class='ocrx_word' id='word_1_284' title='bbox 711 4440 750 4503; x_wconf 82' lang='grc' dir='ltr'><strong>τοὶ</strong></span> <span class='ocrx_word' id='word_1_285' title='bbox 767 4440 849 4504; x_wconf 67' lang='lat' dir='ltr'><strong>{videi</strong></span> <span class='ocrx_word' id='word_1_286' title='bbox 865 4440 953 4527; x_wconf 69' lang='grc' dir='ltr'><strong><em>μέχρι</em></strong></span> <span class='ocrx_word' id='word_1_287' title='bbox 970 4447 1018 4516; x_wconf 75' lang='grc' dir='ltr'><strong>τῆς</strong></span> <span class='ocrx_word' id='word_1_288' title='bbox 1033 4439 1151 4518; x_wconf 80' lang='grc' dir='ltr'><strong><em>ἓννάιης,</em></strong></span> <span class='ocrx_word' id='word_1_289' title='bbox 1166 4441 1214 4503; x_wconf 70' lang='grc' dir='ltr'><strong>ἔθ’</strong></span> <span class='ocrx_word' id='word_1_290' title='bbox 1229 4437 1272 4501; x_wconf 78' lang='lat' dir='ltr'><strong>dre</strong></span> <span class='ocrx_word' id='word_1_291' title='bbox 1286 4441 1308 4524; x_wconf 70' lang='lat' dir='ltr'><strong>&#39;d</strong></span> <span class='ocrx_word' id='word_1_292' title='bbox 1324 4439 1438 4514; x_wconf 77' lang='grc' dir='ltr'><strong><em>δεκάτης</em></strong></span> <span class='ocrx_word' id='word_1_293' title='bbox 1452 4437 1534 4523; x_wconf 75' lang='grc' dir='ltr'><strong><em>ὥρας·</em></strong></span> 
     </span>
     <span class='ocr_line' id='line_1_35' title="bbox 497 4523 1536 4610; baseline 0 -22"><span class='ocrx_word' id='word_1_294' title='bbox 497 4523 599 4598; x_wconf 84' lang='grc' dir='ltr'><strong><em>πάντες</em></strong></span> <span class='ocrx_word' id='word_1_295' title='bbox 610 4528 668 4608; x_wconf 74' lang='grc' dir='ltr'><strong>γάρ</strong></span> <span class='ocrx_word' id='word_1_296' title='bbox 683 4530 706 4587; x_wconf 76' lang='grc' dir='ltr'><strong>οἱ</strong></span> <span class='ocrx_word' id='word_1_297' title='bbox 719 4525 845 4599; x_wconf 71' lang='grc' dir='ltr'><strong><em>θέλοντες</em></strong></span> <span class='ocrx_word' id='word_1_298' title='bbox 861 4529 1020 4606; x_wconf 82' lang='grc' dir='ltr'><strong><em>φιλοπονεῖν,</em></strong></span> <span class='ocrx_word' id='word_1_299' title='bbox 1036 4527 1097 4600; x_wconf 82' lang='grc' dir='ltr'><strong><em>τοὺς</em></strong></span> <span class='ocrx_word' id='word_1_300' title='bbox 1115 4525 1223 4610; x_wconf 78' lang='grc' dir='ltr'><strong><em>καιροὺς</em></strong></span> <span class='ocrx_word' id='word_1_301' title='bbox 1240 4525 1398 4608; x_wconf 76' lang='grc' dir='ltr'><strong><em>ἐκείνουςτῇ</em></strong></span> <span class='ocrx_word' id='word_1_302' title='bbox 1413 4524 1536 4601; x_wconf 76' lang='grc' dir='ltr'><strong><em>ἐξετάσει</em></strong></span> 
     </span>
     <span class='ocr_line' id='line_1_36' title="bbox 496 4607 1537 4759; baseline 0.001 -87"><span class='ocrx_word' id='word_1_303' title='bbox 496 4617 552 4672; x_wconf 80' lang='grc' dir='ltr'><strong>τῶν</strong></span> <span class='ocrx_word' id='word_1_304' title='bbox 563 4607 644 4672; x_wconf 69' lang='grc' dir='ltr'><strong><em>θείαν</em></strong></span> <span class='ocrx_word' id='word_1_305' title='bbox 654 4609 756 4694; x_wconf 82' lang='grc' dir='ltr'><strong><em>λογίων</em></strong></span> <span class='ocrx_word' id='word_1_306' title='bbox 768 4612 789 4696; x_wconf 71' lang='lat' dir='ltr'><strong>‘i</strong></span> <span class='ocrx_word' id='word_1_307' title='bbox 800 4615 861 4683; x_wconf 81' lang='grc' dir='ltr'><strong><em>ταῖς</em></strong></span> <span class='ocrx_word' id='word_1_308' title='bbox 873 4610 1246 4759; x_wconf 55' lang='grc' dir='ltr'><strong><em>ἀναγνώσεσιέἀνατιθέασν.</em></strong></span> <span class='ocrx_word' id='word_1_309' title='bbox 1273 4607 1417 4672; x_wconf 80' lang='lat' dir='ltr'><strong>Maxime</strong></span> <span class='ocrx_word' id='word_1_310' title='bbox 1429 4629 1537 4672; x_wconf 84' lang='lat' dir='ltr'><strong>exem·</strong></span> 
     </span>
    </p>

    <p class='ocr_par' dir='ltr' id='par_1_9' title="bbox 542 4715 1031 4760">
     <span class='ocr_line' id='line_1_37' title="bbox 542 4715 1031 4760; baseline -0.004 0"><span class='ocrx_word' id='word_1_311' title='bbox 542 4715 631 4760; x_wconf 75' lang='lat' dir='ltr'><strong>VOL·</strong></span> <span class='ocrx_word' id='word_1_312' title='bbox 650 4715 694 4758; x_wconf 82' lang='lat'><strong>11·</strong></span> <span class='ocrx_word' id='word_1_313' title='bbox 1010 4716 1031 4758; x_wconf 81' lang='lat' dir='ltr'>B</span> 
     </span>
    </p>
   </div>
   <div class='ocr_carea' id='block_1_6' title="bbox 1623 4541 1630 4587">
    <p class='ocr_par' dir='ltr' id='par_1_10' title="bbox 1623 4541 1630 4587">
     <span class='ocr_line' id='line_1_38' title="bbox 1623 4541 1630 4587; baseline 0 0"><span class='ocrx_word' id='word_1_314' title='bbox 1623 4541 1630 4587; x_wconf 86' lang='grc' dir='ltr'><strong><em>ί</em></strong></span> 
     </span>
    </p>
   </div>
   <div class='ocr_carea' id='block_1_7' title="bbox 0 0 2050 5675">
    <p class='ocr_par' dir='ltr' id='par_1_11' title="bbox 0 0 2050 5675">
     <span class='ocr_line' id='line_1_39' title="bbox 0 0 2050 5675; baseline 0 6"><span class='ocrx_word' id='word_1_315' title='bbox 0 0 2050 5675; x_wconf 95' lang='lat' dir='ltr'><strong> </strong></span> 
     </span>
    </p>
   </div>
  </div>
 </body>
</html>
