4092 5675
474 665 477 670 ’
500 667 553 806 φ’
621 710 794 783 annor.
814 661 1076 804 mastix.
1097 709 1219 777 uma.
1239 707 1412 812 suasu,

502 884 643 950 liotlecae
659 884 753 949 Codd.
770 896 848 948 tom.
862 883 908 949 iii.
952 895 1039 947 .148.
1053 882 1106 947 ed.
1125 884 1231 969 Neap.
1250 893 1327 970 post
1344 880 1481 946 allatum
1499 882 1537 949 S·

502 970 619 1057 Cyrilli
634 973 684 1035 De
702 972 848 1055 Computa
863 904 1009 1033 libellum
1024 968 1095 1033 haec
1109 968 1230 1057 posuit.
1266 969 1338 1031 “ln
1356 966 1537 1036 Commene

501 1062 524 1095 ‘⁶
540 1055 626 1120 tariis
647 1054 804 1121 Victorini
825 1055 907 1119 inter
925 1054 1063 1140 plurima
1080 1054 1150 1119 haeo
1168 1053 1266 1117 etiarn
1282 1051 1400 1140 scripta
1416 1054 1537 1141 reperi-

500 1145 522 1179 “
538 1140 644 1205 mus.”
684 1140 823 1223 (Dubito
840 1161 880 1203 an
894 1138 963 1203 haec
984 1138 1157 1221 Mpratorii
1171 1139 1265 1204 verba
1279 1138 1353 1216 sint,
1369 1161 1410 1204 an
1424 1139 1537 1238 potius

499 1226 613 1291 veteris
629 1226 762 1313 alicujus
777 1224 982 1311 descriptoris
1003 1223 1139 1312 hujusce
1154 1223 1326 1311 fragmenti
1340 1246 1378 1288 ex
1392 1224 1539 1291 Victori·

500 1311 592 1393 anis.)
632 1311 848 1375 “Invenimus
867 1311 901 1375 in
920 1310 1114 1375 membranis
1129 1307 1302 1374 Alexandri
1321 1309 1429 1395 episco
1454 1309 1539 1399 iqui

499 1402 523 1436 “
538 1396 601 1461 fuit
620 1396 652 1460 in
675 1395 890 1475 Hierusalem,
905 1396 993 1483 quod
1008 1395 1206 1482 transcripsit
1220 1416 1318 1458 manu
1338 1416 1396 1459 sua
1439 1417 1459 1461 e
1479 1418 1537 1472 ex-

431 1557 438 1572 ,
500 1488 523 1522 “
537 1481 732 1569 emplaribus
747 1482 980 1568 apostolorum.
1012 1482 1063 1545 lta
1078 1502 1168 1546 v111.
1183 1480 1253 1544 Kal.
1267 1481 1361 1545 Janu.
1377 1493 1471 1545 natus
1487 1491 1539 1547 est

499 1574 522 1608 “
537 1567 700 1634 Douinus
713 1569 759 1631 N.
772 1570 803 1632 J.
817 1565 857 1631 C.
873 1566 1013 1653 Sulpitio
1028 1579 1061 1630 et
1077 1566 1249 1630 Camerino
1265 1565 1381 1629 Coss.”
1421 1568 1538 1649 (Men-

500 1652 579 1718 dose
600 1674 660 1740 pro
681 1652 739 1717 Sul
762 1652 824 1716 icio
841 1650 1013 1717 Camerino
1027 1664 1060 1715 et
1079 1653 1219 1739 Poppaeo
1239 1650 1358 1716 Sabino
1375 1648 1470 1717 Coss.
1486 1652 1538 1719 vel

498 1761 560 1825 pro
576 1738 718 1825 Sulpicio
736 1674 909 1802 Camerino
926 1737 1005 1802 Cos'
1019 1736 1082 1803 hoc
1102 1750 1162 1817 est,
1176 1759 1261 1802 anno
1273 1755 1304 1815 9.
1327 1760 1399 1801 aerae
1423 1738 1540 1826 vulga-J

498 1823 566 1906 ris.)
604 1826 684 1887 “Et
703 1822 885 1935 baptizatus
903 1836 951 1888 est
966 1843 1056 1888 vr11.
1072 1822 1122 1886 ld.
1138 1824 1210 1889 Jan.
1225 1821 1396 1887 Valeriano
1412 1836 1444 1886 et
1461 1823 1539 1887 Asi-

499 1915 522 1949 “
537 1908 622 1973 atico
640 1908 744 1972 Coss?
793 1910 868 1993 (Pro
882 1907 1012 1974 Valerio
1030 1907 1172 1974 Asiatico
1190 1930 1233 1973 11.
1252 1907 1396 1977 et'Junio
1414 1907 1538 1975 Sabino

500 1994 596 2059 Coss.
618 1993 667 2059 vel
686 2016 745 2079 pro
760 1994 890 2058 Valerio
910 1993 1056 2059 Asiatico
1076 1993 1154 2058 Cos.
1176 1994 1208 2060 h.
1221 2017 1250 2057 e.
1266 2015 1350 2059 anno
1364 2000 1415 2057 46.
1430 1993 1537 2080 ejusd.

413 2083 416 2093 '
500 2080 597 2162 aerae.)
636 2080 785 2145 “Passus
806 2092 855 2143 est
875 2100 911 2143 x.
928 2080 998 2148 Kar.
1013 2080 1095 2171 Apr.
1116 2082 1247 2145 Nerone
1269 2101 1331 2144 111.
1352 2092 1385 2143 et
1402 2080 1538 2145 Valerio

498 2172 522 2205 “
537 2164 680 2230 Messala
695 2164 812 2229 Coss.’¹
830 2165 905 2248 (hoc
920 2178 970 2229 est
984 2187 1069 2229 anno
1080 2179 1131 2230 58.
1143 2164 1244 2253 ejusd.
1256 2166 1356 2248 aerae).
1380 2171 1401 2204 “
1416 2167 1538 2235 Resur·
1568 2210 1570 2214 ,

399 2297 403 2312 ,
499 2257 522 2291 “
538 2251 619 2321 rexit
633 2271 722 2318 v111.
739 2250 808 2315 Kal.
827 2252 907 2336 Apr.
925 2249 1018 2317 Coss.
1040 2273 1135 2336 supra
1155 2251 1292 2333 scriptis.
1329 2249 1486 2318 Ascendit
1503 2251 1538 2317 in

499 2341 524 2377 “
536 2337 688 2412 coelosv.
703 2335 793 2401 Non.
813 2335 895 2423 Maj.
911 2348 984 2422 post
1003 2332 1077 2408 dies¹
1090 2353 1152 2402 xe.
1171 2332 1263 2405 Coss.
1283 2340 1378 2420 supra
1397 2336 1537 2421 scriptis,

499 2429 523 2465 “
536 2424 677 2489 Joannes
692 2424 837 2509 Baptista
856 2422 997 2488 nascitur
1012 2439 1103 2484 v111.
1118 2418 1189 2482 Kal.
1203 2418 1269 2485 Jul.
1284 2430 1317 2482 et
1332 2419 1537 2486 circumcidi·

499 2514 523 2548 “
537 2521 592 2573 tur
601 2508 673 2573 Kal.
685 2509 706 2573 J
708 2508 750 2571 ul.
773 2506 828 2571 Ad
844 2507 983 2571 Mariam
994 2527 1067 2568 vero
1082 2506 1209 2583 locutus
1222 2516 1271 2568 est
1282 2504 1430 2591 Angelus
1444 2527 1537 2575 vrtt-

500 2600 522 2634 “
537 2594 608 2657 Kal.
626 2594 707 2679 Apr.
727 2604 818 2655 sexto
836 2592 906 2678 jam
928 2588 1147 2738 conceptionis
1163 2589 1294 2653 mense”
1312 2591 1385 2674 (for.
1403 2583 1535 2677 legend.

499 2693 624 2743 sextum
636 2678 664 2763 j.
677 2699 706 2741 c.
721 2678 878 2759 mensem)
897 2683 922 2716 “
933 2675 1023 2739 Elina
1048 2674 1101 2739 eth
1118 2675 1234 2739 habere
1249 2674 1368 2740 dicens.
1403 2678 1454 2742 Ex
1467 2699 1535 2765 quo

499 2769 523 2805 “
537 2757 882 2851 supputatur‚·'eodem
905 2762 963 2849 dle
991 2760 1175 2829 Dominum
1200 2760 1298 2826 fuisse
1326 2776 1536 2849 conceptum,

500 2855 527 2912 “.
561 2873 603 2915 uo
618 2864 652 2914 et
665 2849 866 2918 resurrexit.’'
914 2862 919 2869 “
1335 2856 1345 2899 -‘
1532 2914 1536 2919 ,

445 2985 447 2993 .
538 2873 750 3022 Quantopere
762 2933 874 3020 putida
885 2920 1095 3004 isthaeccirca
1105 2933 1311 3015 nativitatem,
1323 2934 1536 3022 baptismum,

435 3055 437 3058 ⁴
498 3036 701 3115 mortemque
728 3018 960 3109 .Christi·ipsis
992 3020 1090 3107 sacris
1122 3020 1285 3107 scripturis
1317 3022 1535 3100 adversentur,

499 3128 662 3195 quamque
685 3102 798 3171 misere
819 3105 858 3171 iis
878 3105 1047 3191 turbentur
1059 3128 1171 3173 omnes
1192 3105 1448 3178 'cumhistoricae
1461 3118 1536 3172 tum·

499 3191 657 3262 chronolo
681 3192 738 3256 icae
750 3191 901 3271 rationes,
911 3213 976 3277 non
989 3213 1116 3256 necesse
1127 3205 1187 3270 est,
1199 3204 1237 3258 ut
1247 3192 1414 3279 operosius
1425 3206 1537 3261 osteus

499 3279 586 3344 dam.
607 3215 762 3346 'aidum
783 3277 913 3364 quidem
934 3276 971 3341 e'a
985 3294 1032 3341 'ex
1054 3277 1207 3342 libro'his
1231 3278 1322 3360 terris
1344 3279 1472 3356 rariore,
1494 3298 1535 3345 ne

499 3363 680 3431 Alexandri
689 3360 829 3433 notabile
843 3361 920 3453 quid
936 3362 1174 3451 pretermisisse
1189 3363 1317 3441 videar3
1340 3362 1399 3426 etsi
1414 3362 1535 3427 nemini

499 3463 604 3514 ratum
616 3448 738 3535 'haberi
759 3458 871 3541 queat,
881 3449 967 3515 hunc
989 3470 1098 3535 verum
1120 3458 1190 3519 esse
1208 3447 1384 3531 Alexandri
1404 3447 1535 3513 foetum.

500 3537 679 3612 Poteratne,
690 3538 809 3622 quaeso,
820 3532 884 3613 ille,
892 3534 948 3619 qui
957 3555 1030 3609 curn
1042 3533 1114 3598 viris
1123 3533 1249 3632 magnis
1259 3534 1425 3599 Clemente
1435 3532 1533 3605 Alex.

499 3631 597 3705 atque
622 3618 761 3706 Origene
785 3619 981 3685 familiariter
1006 3619 1093 3698 vixit,
1116 3618 1215 3683 literis
1242 3618 1329 3695 consi
1356 3620 1430 3683 n'are
1454 3617 1534 3704 quid

412 3715 418 3729 ‘
500 3704 699 3800 hujusmodi,
709 3716 747 3769 ut
758 3705 919 3771 Dominus
931 3718 1039 3769 noster
1051 3704 1281 3792 praedicaverit,
1291 3705 1317 3768 si
1330 3641 1404 3778 hiis
1415 3704 1533 3791 placet,

498 3813 557 3878 per
581 3813 681 3859 annos
703 3790 872 3878 plusquam
899 3787 1068 3875 duodecim
1097 3790 1310 3877 evangelium,
1333 3796 1407 3869 cum
1430 3810 1534 3855 unum

498 3886 626 3943 tantum
643 3895 760 3941 annum
800 3872 1023 3955 raedicationis,
1036 3897 1112 3955 non,
1119 3887 1159 3955 ut
1172 3875 1226 3940 alii
1237 3874 1379 3961 plerique
1394 3887 1458 3939 tres
1472 3896 1533 3938 an·

499 3960 571 4040 nos,
587 3962 736 4028 Clemens
756 3898 809 4027 ille
829 3962 889 4026 sibi
913 3961 1081 4046 cogitaret,
1097 3958 1240 4028 similiter
1257 3974 1352 4047 atque
1375 3958 1429 4023 alii
1448 3981 1532 4024 non-

499 4047 580 4116 nulli
595 4070 635 4110 ex
650 4046 816 4126 veteribus,
833 4046 962 4131 Domini
979 4057 1265 4132 annuarueceptum
1283 4046 1346 4110 hoc
1365 4061 1462 4109 sensu
1481 4044 1532 4108 in-

385 4134 387 4139 ’
499 4134 711 4225 terpretatus?
739 4131 883 4213 Licuitve
897 4132 1047 4221 cuiquam
1063 4132 1258 4209 Christiano,
1274 4130 1393 4203 nedum
1405 4129 1533 4202 erudito

499 4238 517 4284 e
541 4218 664 4304 iscopo,
680 4234 819 4299 censere,
835 4241 898 4283 non
913 4228 987 4282 ante
1004 4240 1132 4306 passum
1151 4240 1220 4283 esse
1240 4217 1418 4295 Christum,
1433 4237 1533 4302 quam

524 4325 589 4381 ,ero
604 4302 728 4388 imperii
742 4308 791 4368 sui
804 4326 923 4369 annum
936 4304 1083 4389 quintum
1098 4318 1182 4370 esset
1196 4304 1369 4390 ingressus,
1381 4324 1456 4366 cum
1472 4299 1534 4387 ipsi

499 4409 627 4487 quoque
648 4387 767 4455 ethnici
785 4388 975 4473 resciverint,
992 4389 1159 4468 Christum
1179 4389 1381 4475 imperitante
1400 4386 1536 4474 Tiberio

498 4496 568 4542 esse
590 4472 796 4545 crucifixum?
822 4466 937 4565 Apa'ge
961 4487 1083 4562 n'ugas3
1106 4489 1139 4541 et
1160 4475 1244 4553 fidei,
1267 4497 1339 4574 quae
1362 4473 1450 4537 nulla
1471 4483 1533 4551 est,

499 4561 605 4627 nescio
621 4581 758 4649 quorum
779 4562 1083 4643 commentariorum
1102 4560 1209 4626 nescio
1230 4583 1323 4648 quus
1338 4556 1532 4623 tenebrionis

497 4645 667 4744 Victorini,
680 4667 747 4725 non
760 4666 843 4717 unus
857 4645 948 4715 enim·
962 4647 1060 4739 hujus
1074 4645 1217 4717 nominis
1226 4657 1379 4715 tractator
1394 4642 1467 4725 fuit,
1482 4663 1536 4738 re·-

495 4743 678 4804 ‚mittamus
826 4768 832 4777 ·
1148 4746 1150 4750 ·
1202 4779 1204 4783 -
