4092 5675
603 740 647 823 ⁶4
940 733 1302 810 ANNOEAHONES

494 951 499 961 ·
647 910 682 975 P.
697 913 747 975 56.
763 906 786 973 l.
798 913 829 973 6.
851 909 1011 1001 moins]
1029 912 1173 999 προφήτας
1189 912 1320 1001 Mcepd.
1358 914 1441 982 Mox
1455 915 1548 998 deest
1564 933 1643 1008 pur.-

601 994 702 1062 ticula
716 996 764 1060 καί
778 1009 852 1060 ante
863 998 972 1083 χςοεὸν
986 997 1019 1063 in
1034 999 1136 1068 MSS.
1152 997 1246 1065 Bodl.
1261 1013 1295 1065 et
1310 999 1377 1065 Nor
1395 1000 1451 1068 οίο.
1481 1003 1566 1071 Mox
1580 1013 1644 1095 pro

522 1179 527 1188 Ι
552 1135 554 1140 .
601 1084 816 1231 παῖἔντὴσομαε
831 1081 948 1147 habent
962 1085 1183 1190 drepanium
1196 1086 1272 1152 MS.
1289 1087 1358 1151 Bod
1373 1134 1381 1152 .
1396 1101 1430 1154 et
1443 1083 1576 1177 Mcepit.

686 1168 837 1232 ld.l.12.
860 1169 908 1232 καί
931 1170 1080 1255 Θεμνσονν]
1107 1172 1160 1238 De
1183 1171 1247 1237 hoc
1270 1172 1349 1251 viro,
1374 1175 1507 1240 nomine
1531 1188 1643 1246 tamen

600 1252 1643 1432 titttt'tthhPtffiltltttttttsslittsshlffl

599 1426 746 1491 Auctoris
762 1438 867 1490 contra
884 1427 1103 1515 Catapltrygas
1115 1392 1219 1495 locris.
1263 1431 1367 1496 Abest
1386 1391 1446 1510 ital,
1459 1432 1487 1498 si
1507 1433 1589 1520 quid
1607 1427 1644 1501 id
1673 1489 1675 1494 .

599 1512 708 1592 refert,
720 1536 739 1577 a
751 1511 931 1597 Morpdoto,
942 1513 998 1600 qui
1013 1515 1197 1597 ἂμφεεομένος
1212 1537 1272 1602 pro
1286 1516 1466 1601 ἠμφιεσμένος
1480 1532 1627 1605 praestat.
1651 1530 1653 1534 '

644 1598 727 1663 lbid.
748 1603 797 1676 τὴν
812 1599 950 1676 diuisis-os
963 1599 1143 1685 πλεονεξίαν]
1160 1600 1332 1666 Musculus
1345 1601 1439 1668 vertit
1460 1600 1643 1671 indubitata

600 1684 738 1749 avaritia
752 1685 968 1749 cirmmdutas.
1004 1684 1320 1772 christophorsonus
1340 1708 1414 1753 vero
1435 1697 1517 1754 totus
1533 1709 1643 1758 smera

599 1769 748 1834 auaritiae
762 1768 901 1834 sordidus
915 1769 1081 1837 involutus.
1126 1774 1259 1861 Langus
1282 1784 1391 1839 autem
1412 1775 1642 1860 interpretatus

599 1868 660 1933 est,
676 1853 870 1940 inexplebilis
891 1856 1038 1922 coordiae
1057 1856 1196 1923 sordibus
1217 1858 1385 1939 obvolutus,
1401 1857 1493 1947 quasi
1516 1856 1645 1939 ὅπλοις-οε

598 1941 766 2019 πλεονεξίαν
779 1940 950 2027 legeretur.
994 1943 1067 2029 Ego
1082 1964 1156 2008 vero
1170 1966 1235 2008 non
1249 1944 1376 2024 dubito,
1388 1944 1467 2032 quin
1481 1944 1534 2009 hic
1547 1945 1644 2014 locus

599 2025 645 2090 ita
659 2025 885 2112 intelligendus
904 2027 946 2092 sit
966 2040 1002 2092 ut
1017 2028 1106 2093 verti.
1129 2029 1217 2115 quod
1233 2029 1309 2094 satis
1325 2029 1467 2096 declarat
1480 2051 1542 2096 vox
1554 2037 1641 2114 ipor-

599 2110 722 2194 εομὲνος,
738 2134 802 2199 qua
816 2112 1031 2179 velamentum
1045 2126 1078 2177 et
1094 2114 1256 2180 simulatio
1271 2110 1466 2202 designatur.
1510 2117 1642 2182 Etenim

598 2197 810 2264 Montanistae
825 2197 871 2262 illi
887 2191 1049 2263 avaritiam
1065 2221 1157 2264 suam
1171 2199 1336 2286 religionis
1350 2213 1508 2288 praetextu
1520 2213 1556 2267 et
1566 2223 1642 2290 spe·

599 2283 690 2350 cioso
700 2284 902 2349 oblationum
912 2284 1069 2350 vocabulo
1078 2285 1281 2365 obvelabant,
1291 2298 1328 2350 ut
1339 2307 1435 2371 supra
1447 2285 1569 2353 dixitA
1612 2287 1642 2354 l-

598 2369 717 2435 l'onius.
740 2375 802 2433 ten
825 2395 936 2451 oropum
951 2378 1118 2458 arpos-popuii
1135 2372 1308 2457 δαροληοίείαν
1326 2371 1542 2459 ἔποτεχνίμενος.
1599 2393 1641 2441 ,tv

601 2473 752 2521 nasius.
803 2456 989 2521 Pearsonius
1014 2456 1055 2521 ad
1080 2458 1102 2520 Ι
1141 2456 1202 2521 atii
1224 2456 1386 2543 Epistulas
1411 2477 1453 2544 pa
1480 2462 1563 2522 .46.
1586 2457 1641 2524 ed.

599 2541 731 2605 Smithi.
753 2548 777 2582 “
789 2540 897 2605 Gloss.
910 2542 1070 2619 Tetricus,
1086 2478 1198 2621 didius,
1210 2564 1348 2608 severus.
1370 2479 1495 2631 αὐςηρίς,
1510 2541 1642 2631 oringis,

599 2632 622 2666 “
636 2626 784 2704 ἁξείπεςος.
812 2627 864 2690 De
881 2626 1039 2690 haereticis
1053 2626 1252 2713 Epiphanius
1268 2629 1360 2693 Haer.
1373 2628 1437 2693 xix.
1451 2630 1483 2693 ri
1499 2643 1641 2694 σεπλαο·

599 2717 623 2751 “
637 2710 716 2794 μένον
731 2709 860 2793 σοὲαρόν,
874 2711 921 2773 καί
936 2712 1009 2794 πρὸς
1023 2711 1130 2789 ἀπάτην
1146 2710 1262 2795 ἕτοιμον.
1296 2714 1348 2777 lta
1362 2713 1523 2778 Luciacus
1537 2714 1642 2781 Alex·

599 2802 622 2839 “
636 2796 771 2862 andrum
796 2796 1044 2862 Pseudomantin
1058 2796 1210 2863 describit
1226 2804 1294 2876 176,
1308 2806 1360 2864 36.
1405 2800 1456 2864 Ita
1470 2799 1558 2887 apud
1569 2799 1641 2867 Eu·¹

599 2889 622 2924 “
637 2884 704 2947 seb.
721 2883 1013 2970 Pseudoprophetae
1028 2883 1252 2949 describuntur
1265 2885 1322 2948 lib.
1335 2884 1370 2949 ii.
1380 2906 1452 2972 cap.
1461 2898 1513 2950 uo.
1528 2905 1570 2950 ex
1577 2886 1640 2952 do.-

598 2974 623 3010 “
635 2968 749 3054 sepho,
764 2982 797 3033 et
810 2969 867 3032 lib.
879 2969 918 3033 iv.
934 2990 1003 3054 cap.
1020 2976 1066 3033 ιδ.
1103 2971 1157 3035 De
1169 2969 1365 3034 Themisone
1381 2970 1533 3057 antiquus
1545 2971 1641 3037 Auo·

598 3060 688 3119 “tor
709 3054 795 3140 apud
816 3056 933 3120 Euseb.
948 3055 1005 3118 lib.
1017 3078 1046 3118 v.
1063 3077 1135 3164 cap.
1151 3068 1197 3119 18.
1219 3054 1259 3118 irs
1278 3056 1306 3119 δὲ
1328 3056 1376 3119 καί
1399 3055 1534 3138 Θεμίσων
1556 3059 1642 3135 iris

505 3162 507 3167 ·
598 3149 622 3182 “
636 3140 774 3220 ἆξνίπνςον
789 3140 954 3220 πλεονεξίαν
967 3146 1166 3222 vipereo-perot:
1181 3161 1277 3228 quem
1291 3140 1401 3207 locum
1416 3141 1523 3206 nullus
1538 3139 1641 3206 inter-

599 3232 762 3313 “pretmn
779 3225 965 3292 intellexit.”
999 3228 1094 3306 Haec,
1108 3224 1186 3289 nihil
1200 3237 1353 3311 praeterea
1366 3224 1488 3305 addito,
1501 3224 1548 3290 vir
1562 3247 1639 3290 eru·

598 3311 701 3377 ditiss.
742 3313 886 3377 Forsitan
900 3313 941 3377 ab
957 3311 1134 3399 Apollonio
1147 3311 1251 3398 gravis
1270 3325 1303 3377 et
1319 3332 1472 3397 arrogans
1488 3309 1639 3391 ambitio,

597 3405 632 3474 εὴ
653 3392 809 3487 perquiram
834 3400 982 3484 opposita
1003 3396 1205 3483 intelligitur.
1250 3397 1301 3460 Ita
1320 3396 1352 3460 in
1370 3395 1639 3483 Interpretatione

600 3462 717 3548 (lraeca
733 3485 837 3548 Edicti
854 3483 973 3549 Galerii
994 3484 1078 3569 Imp.
1101 3481 1187 3568 apud
1207 3481 1384 3546 Eusebium
1398 3480 1456 3545 lib.
1467 3478 1531 3546 viii.
1550 3479 1638 3547 Hirr.

598 3589 670 3655 cap.
687 3569 746 3633 ult.
763 3569 803 3632 de
821 3568 1010 3634 Christianis
1031 3568 1102 3632 haec
1118 3567 1235 3653 scripta
1247 3578 1333 3644 sunt,
1346 3565 1452 3652 ἐπείπερ
1465 3563 1519 3630 riu
1531 3580 1639 3652 λογισ-

598 3659 644 3740 μῷ
657 3654 777 3732 τοσαύτη
793 3655 890 3728 αὐτοὺς
907 3656 1155 3719 ΠΛΕΟΝΕΞΙΑ
1168 3651 1319 3739 navegius
1339 3652 1386 3715 καί
1407 3649 1486 3715 ἄνοια
1505 3652 1638 3732 κατειλή-

472 3793 475 3797 ⁴
599 3758 653 3824 φα,
668 3743 703 3815 είς
723 3742 761 3822 μὴ
783 3736 886 3818 inedia!
907 3737 1104 3813 mistrinis
1123 3737 1221 3817 πάλαι
1236 3740 1473 3823 καταδειχθεῖσα,
1486 3735 1555 3824 ἅπερ
1568 3734 1639 3815 ’ίοοος

598 3825 733 3914 πρότερον
748 3825 795 3888 καί
812 3830 835 3888 oi
848 3828 936 3909 γονεῖς
950 3826 1039 3887 αὐτῶν
1052 3820 1122 3902 ἦσαν
1138 3823 1358 3900 καταςῆοαντες.
1446 3906 1448 3911 Ι
1531 3868 1533 3874 ·

643 3911 727 3976 Ibid.
752 3909 773 3974 l.
799 3924 845 3974 13.
869 3914 916 3986 τῆς
940 3909 1091 3995 ὁμολογίας
1116 3910 1149 3972 τὸ
1171 3909 1295 3994 σημεῖον]
1321 3906 1639 3994 Christophorsonus

598 3996 730 4084 quidem
754 4017 884 4060 crucem
907 3994 1045 4081 intelligi
1069 3992 1205 4081 putavit,
1230 4015 1271 4058 eo
1297 3993 1386 4082 quod
1410 3992 1442 4057 in
1467 3991 1638 4079 evangelio

598 4104 678 4148 crux
697 4081 818 4166 portari
837 4081 1018 4167 frequenter
1033 4079 1160 4145 dicitur.
1204 4079 1267 4143 Sed
1281 4077 1496 4164 proculdubio
1509 4077 1637 4142 vincula

597 4168 668 4255 ipsa
680 4166 834 4252 intelligit
847 4166 1052 4253 Apollonius,
1063 4188 1135 4265 quae
1149 4162 1325 4230 Themison
1337 4185 1396 4250 pro
1409 4162 1543 4227 Christo
1557 4184 1636 4249 por-

597 4266 667 4320 tare
681 4252 875 4338 nequiverat.
917 4251 1018 4340 Quod
1036 4273 1122 4316 enim
1136 4249 1347 4315 confessionis
1362 4248 1491 4334 signum
1506 4247 1560 4312 hic
1577 4270 1636 4314 vo·

597 4352 652 4406 cat
667 4336 872 4423 Apollonius,
886 4348 1039 4423 sequente
1058 4335 1142 4401 linea
1163 4336 1307 4400 nominat
1325 4339 1364 4396 τοὶ
1383 4333 1484 4416 δεσμοί.
1508 4334 1637 4398 VALE·

600 4445 698 4491 srus.
743 4422 807 4486 Sed
830 4444 903 4486 vero
931 4421 972 4487 de
997 4421 1142 4509 pecuniae
1168 4419 1201 4485 in
1230 4420 1291 4484 hac
1317 4439 1413 4484 causa
1435 4417 1637 4504 erogatione,

599 4507 713 4577 Petrus
737 4507 971 4573 Alexandrinus
993 4508 1177 4593 episcopus,
1199 4521 1233 4570 et
1257 4506 1324 4592 ipse
1350 4523 1485 4592 quoque·
1504 4504 1637 4569 ineunte

599 4596 719 4662 saeculo
734 4607 850 4683 quarto
864 4609 997 4680 martyr,
1006 4592 1094 4658 haud
1111 4591 1288 4690 culpandos
1302 4611 1358 4654 eos
1373 4588 1484 4654 statuit
1496 4609 1566 4653 esse
1579 4591 1635 4676 qui

598 4682 770 4770 pecuniam
782 4679 955 4760 dedissent,
965 4692 1003 4748 ut
1015 4700 1035 4745 a
1049 4677 1204 4745 molestiis
1217 4688 1458 4763 persecutorum
1473 4673 1638 4740 immunes
