4092 5675
440 852 458 872 l
570 776 614 839 24
853 801 858 808 -
904 755 1265 825 ANNOTATIONES
1334 803 1336 808 -

572 930 610 991 τὰ
626 927 676 1011 μὶν
691 929 766 991 κατὰ
779 929 825 992 τὸν
840 926 962 1014 Βίκτορα
981 936 1108 993 τοιαῦτα.
1129 931 1225 995 τούτου
1240 930 1267 993 ii
1282 927 1354 995 ireos
1365 929 1435 994 δέκα
1447 930 1611 1017 προςᾶντος

572 1020 620 1090 τῆς
633 1013 805 1098 berenice,
821 1013 947 1100 διάδοχος
965 1015 1118 1094 rabiem!
1137 1021 1291 1099 Ζεφυρῖνος,
1305 1018 1376 1101 ἀμφὶ
1386 1018 1422 1080 ¹ri
1437 1014 1543 1080 brosor
1556 1022 1613 1093 τῆς.

573 1097 695 1185 &gripor
709 1099 857 1178 βασιλείας
877 1098 945 1174 ἔτος.
972 1099 1126 1187 ωροςίθησι
1148 1104 1174 1165 δὲ
1191 1103 1248 1165 tet
1264 1100 1453 1189 προειρημένον
1466 1099 1615 1180 συντάξας.

415 1259 424 1281 ὑ
518 1194 520 1197 ’
572 1186 641 1269 oripi
655 1193 703 1247 τοῦ
722 1184 908 1271 κατάρξαντος
927 1192 973 1261 τῆς
995 1186 1161 1263 δηλωθείσης
1178 1186 1305 1273 αἱρέσεως
1319 1186 1438 1267 petuo,
1454 1188 1501 1250 nal
1516 1185 1608 1264 ἄλλην

574 1274 650 1333 κατὰ
665 1274 806 1355 Ζεφυρῑνον
818 1269 961 1355 γενομένην
976 1276 1092 1359 πρᾶξιν,
1107 1270 1156 1335 otte
1175 1298 1240 1347 orus
1259 1278 1350 1347 αὐτοῖς
1363 1275 1465 1360 ῥήμασι
1480 1272 1611 1359 γράφων·

572 1358 829 1420 ὝΠΟΜΝΗΣΩ
845 1365 912 1441 γοῦν
929 1360 1055 1432 πολλοὺς
1072 1358 1131 1422 &c
1166 1360 1217 1424 Ac
1229 1358 1267 1422 de
1285 1358 1407 1423 Victore
1421 1358 1544 1445 quidem
1559 1357 1610 1421 ita

574 1463 605 1505 se
625 1464 674 1506 res
692 1440 792 1506 labet.
832 1442 983 1528 Quicum
1005 1443 1106 1506 ἅεοοννι
1125 1444 1216 1508 annis
1238 1444 1448 1508 Sacerdotium
1471 1441 1623 1508 adoriri--

573 1538 711 1607 strasset,
728 1527 923 1614 Zephyriam
938 1528 967 1591 ei
981 1550 1131 1593 successor
1146 1529 1329 1594 substitutus
1348 1539 1404 1609 est,
1420 1551 1499 1593 anno
1515 1527 1609 1613 prin·

573 1614 693 1700 cipotus
709 1614 811 1678 Seueri
826 1613 947 1677 circiter
960 1636 1047 1677 nonos
1082 1617 1179 1679 Porro
1196 1615 1275 1679 idem
1296 1615 1352 1679 itte
1372 1615 1427 1701 qui
1448 1613 1611 1699 soprato-¹

574 1709 640 1763 tarn
656 1699 770 1763 librum
790 1699 828 1763 de
846 1698 971 1762 iceresis
990 1698 1076 1763 iiiios
1090 1711 1212 1764 auctore
1226 1701 1403 1786 composuit,
1418 1699 1515 1763 aliam
1529 1722 1607 1787 quo-

596 1807 633 1850 ue
649 1807 713 1849 reon
731 1783 902 1873 Zepirprioi
922 1784 1105 1870 tenporibus
1123 1796 1244 1873 gestam
1264 1785 1410 1874 αιίρνινιςὶί
1431 1785 1608 1850 incertis.

573 1806 788 1947 lACINUS,
802 1870 920 1956 inquit,
938 1869 997 1934 &e
1043 1872 1176 1936 Habent
1189 1871 1280 1949 arisae
1294 1894 1353 1959 pro
1368 1871 1484 1946 πολλὸς
1500 1871 1610 1935 coris-

509 2017 512 2023 .
573 1955 747 2043 topkorsoni
760 1957 861 2020 lectt.
877 1970 911 2021 ct
924 1956 975 2019 Int
1035 2003 1042 2019 .
1316 2011 1318 2014 ,

617 2044 651 2106 Ρ.
664 2056 693 2106 8.
708 2042 730 2106 l.
743 2048 792 2105 26.
815 2044 853 2124 ἐφ’
869 2042 956 2125 ἡμῶν]
972 2042 1013 2105 Ti
1025 2041 1197 2106 lemontius
1213 2043 1313 2106 Mem.
1329 2041 1417 2105 Eccl.
1433 2053 1558 2106 tom.·v.
1575 2044 1608 2106 in

574 2128 660 2205 Caio,
672 2127 860 2192 vertendum
873 2142 1002 2213 propter
1013 2127 1180 2213 sequentia
1193 2129 1248 2206 ait,
1261 2150 1336 2205 non,
1348 2139 1450 2191 nostro
1462 2138 1610 2211 tempore,

572 2214 628 2279 sed
644 2212 728 2300 opud
740 2235 805 2277 nos.
843 2212 940 2277 Certe
954 2213 1001 2276 ita
1014 2227 1142 2278 vertunt
1156 2224 1241 2277 vetus
1256 2212 1406 2297 interpres
1420 2228 1452 2278 et
1468 2213 1612 2277 Christo-

570 2300 749 2387 ptorsonos,
764 2298 819 2363 sed
834 2298 931 2386 hujus
947 2299 1188 2384 significationis
1202 2300 1384 2384 exemplum
1401 2298 1558 2362 desidero.

581 2409 584 2414 ·
616 2386 700 2451 Ibid.
715 2386 799 2450 las.
821 2386 967 2459 Νοτάλιος
989 2382 1018 2461 ἦν
1038 2386 1092 2469 τὶς]
1110 2386 1232 2450 Nescio
1253 2408 1294 2449 an
1317 2384 1369 2448 hic
1393 2384 1434 2448 sit
1457 2383 1609 2449 Caecilius

568 2472 709 2550 Natalis,
724 2472 780 2557 qui
799 2470 1014 2556 disputatione
1030 2471 1155 2535 Octavii
1168 2470 1310 2535 lanuarii
1327 2492 1435 2534 coram
1458 2470 1610 2535 Minucio

569 2557 675 2624 Felice
699 2558 811 2621 Romae
837 2556 958 2633 habita,
975 2556 1016 2618 ad
1039 2556 1160 2619 Christi
1181 2557 1277 2620 fidem
1299 2578 1470 2619 conversus
1495 2567 1555 2633 est,
1570 2568 1610 2620 ut

569 2642 720 2706 scribitur
731 2642 768 2716 in,
777 2640 909 2726 dialogo
922 2640 1060 2704 Minucii
1077 2641 1201 2704 Felicis.
1242 2645 1375 2706 Nomen
1388 2654 1474 2704 certe
1489 2664 1609 2705 conve-

570 2728 629 2807 nit‚
644 2743 677 2791 et
696 2742 822 2813 tempus
845 2743 941 2812 atque
964 2726 1132 2810 professio.
1153 2729 1362 2791 Venustus.
1405 2727 1551 2801 Νατίιλνος
1566 2728 1609 2802 τὶς

568 2812 599 2891 ἦν
621 2812 733 2879 ordine
753 2824 880 2877 mutato
901 2811 978 2876 MS.
1003 2810 1143 2898 Norfolc.
1167 2826 1200 2876 et
1225 2814 1298 2877 Cod.
1322 2813 1450 2876 Burocc.
1476 2827 1546 2877 142.
1565 2813 1608 2878 de

569 2923 635 2988 quo
651 2901 750 2964 Msto
762 2897 803 2964 ad
817 2899 1075 2962 Haoas11³euu
1094 2921 1151 2962 nos
1167 2921 1263 2984 supra
1276 2900 1317 2963 ad
1329 2921 1405 2984 pag.
1417 2913 1487 2962 211.
1502 2899 1566 2963 vol.
1579 2901 1607 2963 Ι.

614 2988 648 3050 Ρ.
659 3003 690 3064 9.
705 2985 727 3049 l.
743 3000 769 3048 1.
792 2983 881 3068 οὗτος]
899 2985 950 3065 μὲν
964 2982 1089 3048 addunt
1105 2983 1280 3068 Christopi.
1294 2985 1396 3048 Lectt.
1413 2985 1585 3049 Sasona.
1656 2993 1659 2997 '

545 3083 547 3087 ’
577 3093 581 3102 ’
613 3071 698 3134 Ibid.
714 3070 778 3134 Μ.
799 3069 1049 3153 Ἀσκληπιοδότου]
1073 3070 1282 3148 Ἀσκληπιάδου
1308 3070 1385 3134 MS.
1409 3069 1549 3157 Norjiric.
1574 3081 1609 3134 et

568 3156 793 3222 Theodoretus
814 3155 871 3219 lib.
888 3155 921 3218 ii.
945 3154 1069 3218 Haeret.
1096 3155 1171 3220 Fet.
1193 3177 1263 3241 cap.
1283 3171 1313 3219 5.
1354 3155 1504 3240 Cumque
1525 3157 1609 3221 infra

568 3243 615 3308 uir
632 3242 720 3307 idem
739 3255 778 3306 ut
795 3240 929 3319 videtur,
945 3241 977 3305 in
998 3241 1150 3306 omnibus
1173 3242 1302 3306 Eusebii
1322 3241 1488 3306 codicibus
1509 3255 1609 3329 atque

568 3330 604 3393 iri
630 3327 838 3394 Theodoreto
863 3325 1064 3412 Asclepiades
1096 3329 1288 3404 nominetur,
1317 3327 1378 3390 etsi
1407 3349 1447 3390 eo
1476 3350 1634 3415 quoque*

568 3415 643 3480 loco
666 3414 857 3499 Nicephorius
877 3413 1071 3499 Ropinusque
1096 3414 1234 3477 habeant
1255 3412 1516 3497 Asclepiodotum,
1537 3436 1608 3477 ma-

567 3499 627 3564 lim
654 3501 707 3564 hic
733 3521 863 3585 quoque
888 3499 995 3583 legere
1018 3497 1245 3582 Asclepiadem,
1268 3498 1377 3582 potius
1401 3519 1499 3583 quam
1526 3499 1609 3563 infra

569 3606 646 3650 cum
664 3584 809 3651 Strothio
821 3582 1054 3660 Ἀσκληπιοδὸτε,
1093 3583 1158 3648 uod
1171 3583 1320 3670 rejiciunt
1332 3584 1464 3648 Eusebii
1478 3582 1609 3649 codices

568 3685 603 3735 ct
615 3669 837 3736 Theodoretns
852 3690 911 3754 pro
925 3671 1121 3744 Ἀσκληπιαδε
1139 3670 1291 3756 recipere.
1332 3671 1463 3734 Nomen
1478 3686 1609 3734 utrum·

569 3778 633 3845 que
647 3756 733 3844 apud
749 3768 894 3820 auctores
910 3753 1051 3818 obvium.

615 3843 698 3908 lbid.
713 3842 734 3905 l.
748 3853 778 3918 7.
800 3841 981 3924 κληρωθῆνα]
999 3845 1131 3917 κληθῆναι
1150 3838 1202 3903 ed.
1223 3839 1334 3926 Steph.
1380 3841 1431 3905 Ita
1450 3839 1608 3926 scriptum

568 3930 698 4015 praefert
719 3927 821 3992 codex
844 3925 977 4011 Regius,
992 3925 1045 3988 cui
1067 3925 1239 3989 consentit*
1250 3926 1355 3990 Rufini
1375 3925 1607 4009 interpretatio.

571 4014 635 4079 Sed
663 4027 801 4100 quatuor
827 4010 940 4097 reliqui
965 4009 1093 4074 codices
1119 4013 1209 4076 Maz.
1235 4011 1328 4075 Med.
1351 4011 1438 4075 Fulc—
1455 4023 1487 4072 et
1510 4009 1608 4076 Savil.

570 4099 726 4184 scriptum
750 4098 871 4162 habent
895 4102 1076 4183 aspasiae.
1103 4098 1312 4160 Vunasws.
1355 4099 1433 4161 Non
1459 4095 1609 4181 displicet

571 4185 658 4271 quod
676 4184 763 4269 apud
782 4184 945 4261 Rufinum,
960 4182 1171 4246 nominaretur
1178 4209 1192 4261 ,⁰
1214 4204 1253 4246 ex
1271 4205 1337 4269 quo
1357 4197 1390 4245 et
1408 4182 1510 4267 liquet
1530 4202 1607 4246 eum

572 4271 687 4335 Graecc
702 4269 819 4355 legisse
834 4274 976 4346 institui.
1020 4270 1138 4354 Neque
1154 4290 1227 4331 vero
1242 4268 1415 4332 obscurum
1432 4281 1481 4331 est
1495 4267 1608 4332 Natali

571 4378 687 4421 vanum
709 4354 850 4440 episcopi
871 4355 989 4418 sinere
1010 4375 1128 4419 nomen
1148 4353 1308 4417 indultum
1327 4354 1436 4430 fuisse,
1451 4373 1527 4416 cum
1542 4375 1607 4416 non

570 4458 655 4506 esset
676 4443 758 4505 inter
778 4439 850 4504 illos
869 4440 1036 4504 haereticos
1057 4443 1226 4524 episcopus
1247 4439 1302 4525 qui
1321 4439 1350 4502 ei
1372 4438 1607 4503 ordinationem
1675 4512 1678 4520 ι

571 4530 718 4591 conferre
733 4538 851 4611 posset.
888 4526 976 4589 Hinc
996 4548 1060 4589 non
1080 4525 1217 4612 alicujus
1238 4524 1337 4601 urbis,
1353 4523 1409 4588 sed
1425 4523 1550 4587 iceresis
1566 4522 1607 4586 il-

572 4613 633 4676 lius
648 4613 815 4699 episcopus
830 4624 1032 4710 nuncupatus
1047 4626 1106 4675 est.
1149 4610 1312 4698 Quocirca
1331 4620 1364 4673 et
1386 4609 1467 4673 infra
1490 4608 1608 4674 dicitur

567 4699 676 4786 priona
695 4697 841 4764 cotiedro
860 4697 1043 4784 insigmtus,
1062 4718 1128 4762 non
1147 4698 1223 4784 quia
1241 4695 1412 4783 episcopus
1435 4694 1608 4784 aliquibus,
