4092 5675
513 778 574 856 aas
690 865 693 874 Ι
847 777 1207 847 annonanonrs

500 971 584 1036 <pres
598 958 742 1027 verterat,
757 945 789 1012 δι’
804 947 841 1012 de
853 948 1071 1035 morteferum
1076 949 1244 1035 judiciam.
1278 951 1351 1017 Nec
1367 949 1472 1019 multo
1486 953 1543 1022 eii·

510 1049 562 1100 ter
575 1035 637 1100 Leo
655 1033 805 1099 Castrias.

555 1121 590 1184 P.
604 1134 670 1185 113.
686 1119 708 1183 ί.
720 1135 750 1184 5.
772 1120 839 1206 trapi
859 1119 982 1184 θανάτου
1004 1121 1114 1208 ίκρινον]
1132 1120 1255 1186 Eodem
1275 1137 1470 1208 argumento
1486 1125 1542 1191 de·

509 1206 709 1306 terrebantur
723 1205 865 1306 plerique
877 1207 1065 1272 Judoeorum
1076 1208 1117 1271 ab
1131 1207 1191 1271 hac
1203 1207 1383 1307 recipienda
1396 1209 1541 1292 historia,

510 1305 592 1356 teste
604 1293 808 1378 Hieronymo
819 1314 850 1355 m
863 1293 981 1356 Jerem.
993 1293 1076 1358 xxix.
1086 1308 1136 1357 22.
1154 1293 1249 1370 Unde,
1265 1293 1380 1441 rapuit,
1396 1306 1428 1359 et
1442 1315 1468 1359 o·
1476 1295 1547 1396 ρίο-Ι

510 1376 614 1464 risque
628 1399 665 1441 ac
677 1392 753 1461 pene
767 1376 904 1441 omnibns
918 1376 1062 1442 Hebraeis
1076 1377 1144 1464 ipsa
1159 1377 1297 1466 qaasifa
1317 1377 1372 1444 alo
1385 1404 1448 1444 ποπ
1465 1403 1539 1446 rect·

504 1461 606 1549 pitar,
620 1485 675 1527 nec
689 1462 804 1549 tegitur
819 1462 852 1526 ia
866 1464 1035 1551 synagogis
1049 1487 1161 1528 eoram.
1202 1464 1264 1551 Qui
1276 1464 1368 1545 enim,
1384 1465 1540 1553 inquiunt,

497 1545 579 1634 fieri
591 1558 736 1698 poterat,
762 1559 797 1612 at
823 1548 937 1632 captivi
964 1548 1126 1632 lapidandi
1148 1549 1302 1635 principes
1324 1562 1355 1614 et
1373 1551 1541 1636 prophetas

508 1656 577 1698 snas
612 1634 735 1699 aberent
748 1638 957 1718 potestatem?
978 1636 1126 1699 Dauus.
1170 1635 1375 1721 Argumenta
1398 1638 1477 1701 huic
1497 1637 1541 1703 ita

508 1719 681 1806 respondet
695 1719 727 1782 in
744 1719 891 1805 Epistola
904 1720 945 1784 ad
959 1720 1150 1785 Africanum
1166 1721 1332 1805 Origenes.
1367 1721 1540 1872 ’Ampliat

508 1814 573 1879 στῶς
593 1808 661 1890 περὶ
682 1804 804 1870 θανάτου
826 1804 924 1892 ἔκρινον
943 1810 968 1868 ἐν
988 1805 1177 1892 αἰχμαλωσίᾳ
1191 1805 1397 1891 τυγχάνοντες;
1421 1812 1470 1872 οὐκ

508 1890 598 1953 ordin
618 1889 803 1971 ἀμφιύύλλων
823 1892 855 1952 τδ
867 1891 1017 1968 Ι’βασιλέως
1039 1891 1105 1971 εἶναι
1124 1896 1245 1977 γυναῖκα
1263 1889 1307 1954 διοὶ
1322 1896 1370 1970 τὴν
1385 1893 1540 1976 ὁμωνυμίαν

506 1982 555 2040 τοῦ
567 1978 698 2058 Ἰωαιιεδμ
710 1978 757 2054 τὴν
770 1974 931 2044 Σωσύνναν.
959 1977 1070 2041 λεκτέον
1084 1981 1117 2055 δ’,
1129 1977 1172 2040 >irs
1188 1978 1259 2041 οὐδὲν
1271 1978 1435 2061 παράδοξον,
1444 1979 1539 2064 μιγεί-

507 2074 564 2125 λων
588 2065 669 2124 iducis
695 2060 855 2148 ὑποχειρίων
877 2061 1039 2146 γενομένων,
1063 2066 1127 2149 πρδς
1150 2062 1290 2141 βασιλέως
1312 2068 1540 2151 ουγιιιχοιρῆθαρ

506 2149 562 2221 τοῖς
576 2145 680 2222 οἰκείοις
700 2146 787 2229 νύμοις
847 2152 920 2225 ridica
940 2147 991 2222 τίς
1009 2148 1219 2234 αἰχμαλώτους,
1235 2149 1281 2211 καί
1294 2151 1351 2223 τοῖς
1364 2148 1539 2234 διιιοιςηρίοις·

507 2233 555 2297 καί
576 2239 620 2296 νῦν
641 2241 707 2318 γοῦν
724 2235 821 2315 Ῥωμα
832 2258 868 2298 ων
885 2234 1097 2312 βασιλευόντων,
1115 2235 1162 2296 καί
1181 2232 1318 2298 Ἰουδαίων
1335 2236 1369 2298 τδ
1388 2231 1540 2322 δίδραχμον

505 2321 597 2393 αὐτοῖς
615 2319 775 2398 τελούντων,
792 2317 845 2382 ίσα
866 2325 1066 2405 συγχωρέντος
1087 2319 1231 2404 Καίσαρος
1251 2324 1265 2382 ί
1285 2319 1448 2407 'Eiram
1466 2321 1539 2406 παρ’

505 2407 598 2480 αὐτοῖς
611 2404 729 2485 δύναται·
752 2406 787 2479 a,
799 2406 880 2486 μηδὲν
895 2404 1025 2490 διαφέρειν
1038 2406 1232 2485 βασιλεύοντος
1252 2410 1300 2468 τοῦ
1320 2403 1421 2480 ἔθνους·
1448 2403 1538 2487 iopas,

505 2495 531 2555 οί
542 2489 740 2578 πεπειραμένοι.
767 2489 873 2573 γίνεται
887 2492 914 2553 δὲ
928 2491 975 2554 καί
990 2487 1114 2578 κριτήρια
1128 2490 1283 2568 λεληθότως
1296 2494 1373 2554 κατοδ
1385 2492 1434 2555 τδν
1447 2490 1539 2573 νύμον,

505 2576 553 2640 καί
569 2574 798 2656 καταδικάζοντυί
819 2601 887 2650 τινες
900 2600 949 2654 την
969 2602 1011 2639 επι
1026 2602 1066 2663 rap
1080 2582 1202 2662 δανατω·
1227 2573 1276 2638 rire
1292 2579 1366 2657 perd
1379 2581 1428 2652 τῆς
1441 2576 1537 2654 τύνη

504 2666 542 2735 είς
554 2668 635 2724 τοῦτο
649 2660 819 2748 παρρησίας,
834 2659 894 2723 οὔτε
907 2664 981 2743 μετὰ
993 2670 1042 2725 τοῦ
1057 2662 1200 2738 λανθάνων
1213 2661 1259 2724 τδν
1272 2660 1469 2740 βασιλεύοντα·
1490 2661 1537 2726 nt

504 2772 573 2810 τυτο
594 2770 621 2808 εν
640 2771 673 2832 τῃ
691 2772 776 2832 χωρᾳ
789 2752 837 2809 τοῦ
851 2746 941 2821 ἔθνους
954 2748 1040 2810 τολὺν
1053 2746 1243 2834 διατρίψαντες
1253 2746 1353 2833 χρόνον
1365 2746 1536 2828 pependim-

503 2856 555 2915 μεν
570 2832 617 2895 καί
629 2832 909 2919 πεπληροφορῆμεδα.
935 2832 1061 2918 καίτοιγε
1075 2835 1124 2898 ιἰπδ
1138 2830 1282 2915 Ῥωμαίοις
1295 2831 1339 2896 δύο
1354 2833 1441 2914 φυλαί
1458 2831 1537 2916 μίνορ

504 2917 569 2995 νίνου
584 2917 726 3025 ίςίρηντυι,
741 2920 786 2994 ἦτε
801 2917 891 2980 Ἰούδα
905 2917 951 2980 καί
966 2919 1111 3001 Βενιαμῆν·
1135 2918 1188 2991 ίςω
1203 2919 1230 2981 δὲ
1244 2918 1291 2980 καί
1306 2919 1447 2996 Λευιτικῆ·
1471 2924 1484 2981 d
1498 2918 1537 2999 δδ,

502 3006 581 3111 παροδ
601 3028 648 3066 τον
668 3005 737 3066 λαδν
756 3001 857 3081 Ἰούδα,
873 3006 999 3089 Ἰσραὴλ,
1015 3001 1083 3066 δέκα
1096 3001 1166 3082 ἦσαν
1180 3003 1278 3085 φυλαί.
1305 3002 1355 3065 καὶ
1369 3006 1439 3079 είκδς
1452 3009 1536 3093 ιἰριιι·

503 3093 612 3164 &raras
624 3088 685 3163 τοδς
703 3087 868 3175 Ἀσσυρίους
882 3092 921 3173 τῷ
935 3087 1103 3176 ὑποχειρίους
1123 3091 1219 3163 αὐτοὺς
1236 3088 1250 3112 ''
1272 3114 1319 3166 ειν,
1333 3088 1536 3177 ίπιτετρωφίναρ

502 3179 593 3250 αὐτοῖς
615 3179 653 3238 τοὶ
674 3178 761 3239 cirasia
782 3174 936 3261 δικαςίρια.
974 3177 1057 3238 Haec
1080 3115 1288 3261 Origenes}
1305 3186 1351 3238 14.
1370 3195 1403 3260 p.
1418 3187 1469 3250 27.
1484 3172 1535 3255 ed,

501 3260 676 3327 Delaruan.
729 3263 818 3325 Loca
838 3260 969 3346 insuper
987 3274 1144 3339 veterum,
1166 3282 1185 3324 a
1204 3259 1389 3325 Wetstenio
1415 3258 1534 3326 ibidem

502 3347 697 3412 illustrandae
717 3346 762 3410 rei
780 3368 877 3411 causa
898 3345 939 3410 ad
957 3367 1012 3433 pp.
1035 3360 1105 3425 228,
1123 3360 1194 3424 229.
1216 3344 1324 3424 allata,
1345 3344 1402 3432 qui
1427 3358 1535 3411 tamm

501 3432 725 3498 auctoritatem
740 3432 812 3496 libri
826 3433 979 3496 Susannae
994 3432 1185 3496 labefactare
1199 3453 1296 3518 quam
1311 3429 1451 3495 maxime
1465 3444 1534 3496 stu·

501 3519 608 3596 debat,
621 3517 727 3581 valent
745 3517 785 3581 ad
808 3517 1021 3602 probandum,
1036 3517 1108 3582 lites
1123 3517 1265 3581 forenses
1283 3514 1438 3593 aJudaeis
1459 3515 1469 3579 i
1494 3514 1533 3581 sis

500 3604 674 3689 diremptas
688 3602 785 3666 fuisse
798 3601 832 3665 in
846 3615 980 3702 utraque
991 3602 1185 3689 captivitate,
1196 3601 1294 3688 idque
1305 3601 1427 3666 fatente
1486 3612 1535 3667 et·

501 3690 604 3755 stenio
618 3689 700 3775 ipso.
733 3687 796 3751 Sed
812 3700 919 3751 tamen
933 3687 1046 3752 risdem
1062 3710 1205 3775 unquam
1219 3708 1408 3751 concessum
1423 3686 1532 3767 finisse,

500 3787 539 3841 ut
552 3773 701 3860 capitalia
716 3771 840 3860 judicia
852 3773 1027 3838 secundum
1041 3773 1122 3860 legis
1140 3773 1296 3838 Mosaicae
1310 3772 1533 3858 praescriptum

500 3872 693 3938 exercerent,
716 3859 795 3922 dum
819 3858 959 3944 agebant
982 3860 1202 3923 Romanorum
1220 3858 1305 3946 jugo
1327 3856 1480 3945 subjecti,
1500 3848 1533 3923 id

499 3968 702 4033 nequaquam
728 3944 875 4022 affirmat,
901 3944 1058 4008 imorem
1085 3944 1178 4009 aliter
1200 3943 1349 4008 habuisse
1371 3940 1531 4022 concedit,

499 4032 596 4096 etiam
624 4031 780 4117 Origenes
805 4029 1007 4094 Alexandriae
1037 4029 1124 4094 urbis
1154 4028 1387 4116 semi-judaicae
1415 4026 1530 4107 incola,

497 4130 691 4204 potestatem
705 4115 847 4180 Judaicis
861 4115 1102 4202 magistratibus
1117 4115 1303 4201 permissam
1320 4112 1529 4199 amplificans.

497 4201 626 4267 Addam
642 4203 752 4266 locum
766 4222 804 4266 ex
818 4200 980 4266 Archelao
994 4201 1026 4265 in
1042 4199 1282 4287 Mesopotamia
1296 4199 1462 4285 episcopo,
1475 4196 1530 4285 qui

497 4300 648 4374 vergente
671 4287 711 4351 ad
739 4287 832 4351 finem
858 4287 951 4352 tertio
974 4286 1037 4352 hoc
1062 4284 1183 4350 Christi
1206 4284 1325 4350 saeculo
1350 4284 1469 4365 floruit,
1491 4276 1530 4349 de'

498 4388 586 4441 statu
607 4372 795 4438 Judaeorum
821 4371 891 4436 haec
914 4371 1116 4450 tradentem3
1144 4372 1237 4436 Nunc
1257 4369 1406 4448 videmus,
1427 4366 1530 4457 inquit

497 4459 690 4537 Archelaus,
701 4459 823 4557 regibus
836 4480 886 4522 eos
897 4456 1088 4543 principibus
1111 4480 1148 4523 ae
1161 4455 1308 4543 υιοίραοίοο
1323 4453 1442 4519 tributa
1452 4468 1530 4540 pen-

497 4547 578 4625 dere,
602 4543 692 4610 ιινιίία
716 4543 775 4608 sabi
795 4553 947 4630 potestate
967 4542 1017 4608 ael
1032 4543 1074 4628 ja
1098 4542 1201 4607 icandi
1219 4541 1269 4607 υοί
1287 4538 1440 4626 puniendi
1461 4542 1530 4604 οοιι-

497 4653 592 4711 cessa,
607 4632 686 4696 siaa
699 4630 800 4696 Jadas
819 4628 937 4710 habuit,
957 4627 1032 4782 papia
1054 4628 1201 4707 Thamar,
1220 4639 1426 4714 posteaquam
1437 4624 1529 4725 jadi-

497 4728 633 4802 cavera,
646 4715 941 4806 pataitjratfficora'.
998 4714 1093 4802 ispa.
1107 4736 1176 4782 ουιιι
1186 4715 1318 4783 Mancte
1330 4712 1534 4802 azmgmo
