4092 5675
497 756 564 829 504
835 735 1195 840 ANNOTATIONFS

499 910 641 978 tribunal
660 934 724 977 non
746 911 920 982 habebant.
965 914 1079 978 Postea
1099 935 1174 980 vero
1191 912 1399 982 invaluerunt
1421 918 1540 983 absidae

499 997 644 1085 gradatae
665 1013 698 1063 et
719 998 877 1077 exhedrae,
897 997 938 1063 de
958 1000 1075 1085 quibus
1094 1000 1287 1072 Ambrosius
1306 1001 1342 1067 lo
1367 1020 1487 1069 uuntur
1507 1019 1541 1069 et

499 1085 728 1237 &agustinum
754 1107 827 1173 quae
846 1084 976 1173 quidem
999 1108 1018 1149 a
1036 1085 1187 1152 tribunali
1205 1108 1320 1173 parum
1365 1089 1539 1155 'fferebant

532 1190 709 1235 anesius.

545 1256 579 1321 P.
590 1270 660 1321 480.
675 1256 698 1321 Ι.
713 1271 759 1320 10.
782 1257 914 1343 σήκρητον
932 1256 972 1341 δὲ]
991 1257 1090 1322 Hunc
1110 1257 1218 1340 locum
1235 1281 1298 1324 non
1313 1258 1541 1326 intellexeruut

499 1339 689 1429 interpretes
726 1342 899 1408 Masculus
927 1356 961 1406 et
988 1341 1314 1441 Christophorsonus.
1372 1346 1540 1410 secretum

498 1430 665 1528 proprium
681 1441 749 1500 erat
763 1429 1009 1515 magistratuum
1026 1440 1059 1491 et
1071 1452 1234 1516 majorum
1249 1429 1403 1496 Judicum
1418 1455 1429 1509 ;
1451 1432 1541 1496 locus

500 1511 622 1580 scilicet
645 1515 775 1584 interior
794 1514 949 1601 praetorii,
971 1515 1119 1580 cancellis
1142 1516 1296 1595 munitus,
1318 1538 1357 1598 ac
1381 1516 1461 1582 velis
1481 1518 1541 1581 ob·

499 1602 607 1688 pansis
621 1600 775 1680 inclusus,
788 1601 822 1665 in
838 1622 903 1687 quo
918 1601 1123 1685 magistratus
1138 1601 1303 1680 sedebant,
1317 1601 1397 1668 dum
1414 1625 1540 1668 reorum

500 1709 612 1752 causas
628 1701 872 1774 cognoscerent.
910 1686 993 1750 Vide
1008 1709 1079 1772 quae
1095 1687 1201 1752 notari
1216 1688 1256 1751 ad
1270 1690 1385 1752 Amm.
1401 1690 1542 1753 Marcel·

498 1772 556 1838 lini
570 1774 625 1837 lib.
640 1796 689 1838 xv.
707 1796 783 1859 pag.
797 1787 845 1847 87.
883 1771 921 1835 In
937 1770 1049 1836 codice
1065 1774 1154 1838 Maz.
1170 1773 1262 1838 Med.
1274 1787 1307 1837 et
1323 1775 1348 1836 F
1350 1774 1410 1838 uk.
1424 1774 1542 1860 legitur

499 1860 555 1936 σῆκ
572 1859 633 1934 ητόν
657 1885 687 1921 τε
715 1858 832 1925 rectius
854 1871 891 1921 ut
916 1858 1041 1941 opinor.
1086 1859 1150 1922 Sed
1175 1881 1251 1923 mox
1275 1858 1456 1945 legendum
1482 1872 1541 1937 est,

426 1957 431 1966 ‘
499 1970 596 2008 aaran
611 1945 649 2023 δὲ,
664 1966 728 2007 non
744 1961 780 2008 nt
794 1942 893 2028 vulgo
912 1943 1034 2006 editum
1058 1957 1108 2008 est
1127 1971 1168 2007 τε.
1190 1947 1402 2009 Varssrus.
1447 1944 1541 2031 σῖκρη-

499 2056 545 2095 τον
561 2029 692 2115 Niceplr.
729 2029 760 2092 τὸ
782 2027 880 2092 παίειν
899 2032 945 2091 τὸν
965 2027 1047 2114 μηρδν
1065 2030 1135 2116 jam
1150 2029 1261 2115 priscis
1277 2030 1480 2115 temporibus
1494 2034 1540 2096 in·

500 2114 695 2216 dignationis
716 2117 845 2201 signum
865 2127 943 2194 erat,
959 2115 1055 2201 quale
1071 2133 1157 2179 certe
1173 2115 1306 2180 militem
1323 2117 1430 2202 magis
1446 2140 1539 2203 quam

499 2224 686 2290 episcopum
704 2200 847 2266 decebat.
872 2202 1045 2265 Srnorrr.
1087 2203 1172 2267 Mox
1187 2200 1324 2288 ταράτῖων
1338 2223 1400 2288 pro
1410 2204 1541 2289 ’ἁράτῑωη

499 2288 556 2357 sed
573 2287 737 2366 mendose,
752 2288 854 2352 MSS.
872 2285 964 2350 Bodl.
981 2299 1014 2350 et
1029 2285 1169 2371 Naafala

408 2387 419 2404 '
543 2373 626 2438 lbid.
643 2374 664 2438 l.
681 2388 727 2436 11.
750 2371 853 2457 ὥσπερ]
871 2374 906 2447 ὠς
921 2372 968 2437 ed.
985 2371 1092 2458 Steptr.
1114 2373 1287 2437 STROTH.

542 2459 738 2525 Ibid.l.14.
765 2457 945 2530 aaraceiaaor
972 2463 1033 2532 ταῖς
1063 2456 1182 2542 ὀθόναις]
1215 2457 1371 2523 Sciebant
1401 2457 1482 2523 olim
1509 2459 1541 2524 in

499 2546 632 2624 theatris
655 2557 850 2631 spectatores
875 2543 909 2607 in
934 2544 1064 2629 signum
1090 2545 1205 2608 favoris
1230 2543 1335 2608 oraria
1358 2557 1542 2610 concutere.

499 2633 585 2697 Vide
622 2654 672 2696 uae
689 2630 810 2695 notavit
825 2629 1035 2695 Casaubonus
1054 2628 1095 2693 ad
1109 2629 1290 2716 Vopiscum
1304 2629 1338 2693 in
1357 2630 1544 2702 Aureliano.

500 2713 569 2784 Ubi
589 2656 750 2803 Vopiscus
772 2715 851 2781 dicit
871 2716 1084 2780 Aurelianum
1106 2715 1247 2801 primum
1269 2715 1416 2780 omnium
1441 2716 1542 2781 oraria

499 2804 625 2871 dedisse
645 2800 767 2890 populo
791 2804 938 2866 Romano
962 2802 1004 2866 ad
1027 2802 1180 2867 favorem.
1224 2800 1421 2885 Aurelianus
1444 2801 1543 2889 igitur

498 2891 532 2959 id
545 2902 712 2974 acceperat
727 2889 767 2952 ab
783 2887 1013 2966 Orientalibus,
1029 2888 1085 2974 qui
1099 2888 1197 2972 longe
1212 2902 1286 2952 ante
1304 2889 1412 2974 ipsum
1433 2887 1541 2955 orariis

499 2976 541 3040 ad
557 2997 628 3039 earn
643 2995 711 3037 rem
727 2974 909 3049 utebantur,
925 2985 962 3036 ut
976 2972 1072 3037 docet
1086 2973 1139 3038 hic
1154 2974 1258 3049 locus,
1274 2987 1308 3038 et
1330 2973 1541 3038 Philostratus

498 3063 533 3129 in
547 3083 617 3147 cap.
631 3084 659 3122 v.
675 3058 730 3123 lib.
747 3059 774 3121 Ι.
791 3057 831 3122 de
846 3057 910 3120 vita
923 3058 1103 3143 Apollonii,
1118 3059 1251 3146 loquens
1266 3058 1307 3123 de
1319 3059 1556 3146 Tarsensibus„

499 3160 534 3214 et
545 3147 612 3212 Dio
627 3145 711 3210 libro
723 3144 778 3208 lxi.
793 3144 827 3208 in
842 3143 914 3207 fine.
936 3145 1147 3210 Vnussrus.

542 3233 628 3298 Ibid.
651 3229 766 3295 ἐκέοῶσι
787 3256 817 3294 τε
835 3258 856 3316 b
873 3231 1043 3314 ἂναπηδῶσι]
1062 3233 1175 3294 Fertur
1190 3230 1231 3294 de
1245 3229 1386 3297 Hierace
1401 3231 1541 3318 quodam

499 3317 730 3396 Alexandnnn,
745 3316 887 3403 episcopi
903 3314 1018 3401 Cyrilli
1033 3315 1264 3380 ferventissimo
1280 3316 1441 3396 auditore,
1456 3317 1542 3404 quod

500 3405 618 3494 iuejus
634 3402 844 3468 concionibus
864 3401 973 3485 κρότους
992 3401 1103 3487 ἐγείρειν
1120 3401 1249 3486 plausus
1271 3402 1409 3466 excitare
1431 3403 1543 3467 solitus

500 3507 592 3571 erat3
616 3503 653 3554 ut
673 3501 780 3553 narrat
797 3488 945 3551 Socrates
960 3488 1017 3550 lib.
1032 3488 1084 3551 vii.
1101 3501 1234 3573 capla.
1273 3488 1373 3551 Unde
1392 3489 1544 3576 conjiciat

500 3578 574 3667 quis
591 3597 714 3641 morem
729 3574 837 3651 fuisse,
853 3570 910 3636 sed
932 3573 1032 3637 serius
1052 3573 1284 3651 introductum,
1301 3574 1465 3638 nonnullis
1479 3575 1542 3639 sal·

500 3678 568 3731 tem
602 3662 635 3727 in
666 3659 746 3725 locis
776 3672 814 3723 ut
840 3657 1053 3744 insigniorum
1085 3659 1351 3723 concionatorum
1379 3681 1544 3724 sermones

499 3748 665 3838 plausibus
680 3746 911 3832 exciperentur.
935 3744 1129 3826 Rnanruo.
1163 3744 1298 3831 Aliquid
1313 3744 1353 3808 de
1366 3744 1430 3809 hoc
1443 3767 1544 3825 more,

501 3837 543 3903 ab
565 3833 769 3899 ethnicorum
792 3829 910 3895 scholis
932 3845 1030 3915 atque
1051 3829 1184 3896 theatris
1207 3843 1353 3916 accepto,
1374 3831 1481 3895 notavi
1504 3831 1545 3894 ad

502 3920 644 3999 Platonis
660 3917 748 3983 Eatlr
772 3917 892 3981 demam
909 3917 939 3998 ᾧ.
952 3937 981 3978 ν.
996 3936 1030 4000 p.
1045 3928 1092 3979 14.
1136 3917 1220 3981 Mox
1239 3917 1350 4001 γυναιὲῒ
1370 3937 1430 4001 pro
1445 3915 1545 4002 γοναί·

502 4034 540 4090 or5
556 4006 632 4078 MS.
648 3940 789 4089 Narfol.

546 4090 630 4156 Ibid.
645 4090 668 4154 l.
685 4105 733 4171 17.
756 4088 957 4172 σεμνοπρεπῶς]
975 4083 1208 4172 σεμνοπροσῶπως
1224 4083 1355 4171 Neceplr.
1372 4087 1544 4152 STRoTH.

548 4174 664 4257 P.481.
678 4174 703 4239 l.
720 4190 745 4236 1.
769 4176 799 4236 ἐκ
821 4181 869 4235 τοῦ
891 4173 952 4251 βίου
973 4172 1062 4255 arira]
1088 4171 1186 4236 Haud
1210 4172 1294 4235 male
1316 4173 1409 4237 abest
1428 4171 1504 4236 sava
1526 4195 1546 4237 a

503 4262 606 4337 MSS.
623 4259 714 4325 Bodl.
730 4271 763 4322 et
777 4254 917 4342 Norfolo.
933 4256 988 4321 sed
1003 4265 1082 4321 τοῦτο
1096 4256 1194 4320 habet
1209 4257 1352 4342 Syncell..

549 4346 632 4414 Ibid.
653 4346 676 4409 l.
691 4360 721 4408 2.
747 4345 900 4429 παροινῶν]
917 4351 1053 4428 παραινῶν
1071 4342 1244 4407 θαείθίἰαηὶ
1259 4343 1323 4406 cad.
1340 4342 1458 4407 Lectio
1482 4346 1546 4422 ἐξη-

504 4437 590 4521 γηταὶ
606 4429 775 4519 Bongarsia'
789 4442 822 4492 et
835 4428 1021 4514 exemplaris
1033 4430 1137 4493 Jonas.
1149 4429 1252 4492 Lectt.
1282 4432 1420 4514 thyriaco
1439 4427 1546 4495 Claris-

506 4520 581 4607 rapt
604 4521 706 4585 lectt,
737 4517 908 4579 S'rnoars.
959 4515 1116 4580 Scribitur
1137 4518 1274 4600 {fnysiwr
1295 4514 1328 4577 in
1348 4513 1428 4579 MS.
1453 4512 1546 4579 Badl.

507 4606 573 4675 Sed
585 4617 672 4670 recte
686 4601 830 4680 Rufinus,
846 4612 907 4664 vet.
923 4600 1038 4687 interp.
1060 4601 1121 4666 Sed
1139 4611 1170 4664 et
1191 4599 1331 4686 antiquis
1345 4609 1377 4663 et
1391 4599 1547 4688 defunctis

499 4695 573 4780 jam
589 4687 807 4764 tractatoribus
818 4684 1005 4781 'insultabat
1020 4698 1050 4760 et
1066 4685 1132 4771 illis
1146 4686 1309 4778 dangans,
1326 4685 1386 4751 &a
