4092 5675
574 750 619 836 so
850 744 1334 815 .'ANNOTAT10NEs··'

575 917 731 984 stolorum
746 916 904 1003 princeps,
918 932 951 980 et
966 917 1069 982 multo
1085 918 1174 982 illurn
1189 930 1334 1004 tempore
1351 932 1480 983 secretae
1493 919 1611 983 'noctis¹

574 1002 707 1089 flagellis
730 1002 899 1068 artioribus
921 1003 1071 1080 afficiens,
1093 1004 1297 1073 miscebatur,
1318 1007 1377 1068 &e
1413 1005 1611 1068 Laurentius

574 1112 652 1155 mox
674 1088 872 1154 manasseto
895 1088 981 1152 venit
1004 1088 1045 1152 ad
1069 1111 1191 1173 regem,
1212 1104 1245 1154 et
1271 1103 1391 1154 retecto
1415 1090 1608 1154 vestimento.

575 1174 702 1261 quantis
717 1189 801 1239 esset
816 1174 996 1239 verberibus
1011 1176 1178 1252 laceratus,
1193 1175 1344 1239 ostendit.
1380 1178 1473 1253 Haeo,
1488 1178 1608 1260 scripta

575 1262 709 1330 fortasse
723 1259 765 1324 ad
778 1260 958 1343 exemplum
972 1259 1151 1324 vetustioris
1166 1261 1350 1324 narrationis
1366 1262 1457 1347 enjus
1472 1260 1604 1347 quidem

575 1345 690 1412 veritas
705 1346 776 1408 nixa
790 1361 837 1410 est
853 1345 913 1410 tide
931 1359 1027 1431 atque
1043 1344 1166 1431 judicio
1187 1346 1322 1424 Natalis,
1339 1362 1506 1412 narrantur
1519 1345 1609 1432 apud

574 1430 696 1502 Bedam
712 1431 769 1493 lib.
783 1431 816 1495 ii.
832 1430 919 1496 Hist.
939 1430 1021 1494 Eccl.
1038 1432 1130 1495 Gent.
1142 1431 1242 1518 Angl.
1258 1454 1329 1517 cap.
1342 1433 1381 1495 vi.
1605 1477 1608 1484 -

618 1518 652 1580 Ρ.
665 1534 695 1594 9.
710 1516 732 1579 l.
744 1535 774 1594 9.
797 1518 954 1624 πολλάκις]
973 1518 1077 1580 Abest
1091 1518 1132 1579 ab
1148 1518 1195 1579 ed.
1213 1518 1319 1596 Sient.
1343 1519 1513 1581 Srnorrr.
1602 1566 1605 1573 .

578 1639 600 1658 -·
618 1601 700 1666 lbid.
717 1603 739 1666 l.
757 1618 803 1667 10.
820 1608 839 1665 ¹i
854 1606 910 1688 γὰρ
926 1609 1121 1687 ευσπλαγχνος
1137 1606 1209 1676 Θεὸς
1224 1605 1271 1665 καὶ
1287 1603 1387 1690 litigios
1406 1610 1480 1684 ἡμῶν
1499 1607 1606 1679 Ἰησοῦς

573 1690 688 1776 Xersis]
717 1688 869 1752 Formula
890 1702 939 1751 est
961 1688 1047 1773 apud
1065 1689 1100 1751 S.
1120 1687 1316 1785 Cyprianum
1337 1690 1393 1775 qui
1414 1688 1520 1752 medio
1542 1689 1611 1767 hoc,

573 1774 693 1840 seculo
713 1773 851 1857 scripsit,
873 1774 948 1836 satis
967 1774 1071 1851 obvia,
1087 1774 1240 1838 Dominus
1253 1786 1284 1838 et
1298 1776 1386 1838 Dens
1398 1785 1500 1837 noster
1513 1776 1608 1838 Jerus

574 1857 726 1928 Gltristur.
749 1860 804 1924 lta
818 1858 929 1922 iisdem
945 1880 1074 1945 quoque
1088 1860 1286 1944 temporibus
1303 1862 1506 1937 Fortunatus,
1521 1882 1610 1925 unus

573 1967 613 2012 ex
633 1966 651 2007 e
676 1944 790 2029 iscopis
812 1944 897 2009 tertii
917 1944 957 2007 de
979 1945 1139 2029 baptismo
1162 1945 1300 2009 Concilii
1320 1944 1606 2031 Carthaginiensis,

573 2030 629 2116 qui
649 1965 723 2093 lbco
742 2029 870 2094 decimo
892 2029 1030 2113 septimo
1049 2031 1184 2115 protulit
1202 2031 1404 2108 sententiam,
1422 2031 1483 2095 hoc
1505 2032 1608 2095 modo

570 2117 701 2182 locutus
723 2116 894 2191 est,.Jesas
916 2113 1057 2180 Christus
1077 2117 1230 2180 Dominus
1251 2127 1281 2179 et
1303 2118 1390 2180 Deus
1410 2126 1526 2195 noster,
1542 2117 1608 2181 Dei

573 2201 682 2270 Putris
693 2211 722 2264 et
737 2200 891 2266 Crantoris
904 2200 1013 2279 Filius,
1026 2217 1114 2285 mper
1124 2202 1250 2286 petrum
1264 2202 1432 2287 oedfiomit
1448 2200 1607 2266 ecclesium
1675 2221 1677 2225 ⁴

574 2309 672 2365 suum,
687 2309 746 2350 non
766 2302 855 2372 super
877 2287 1018 2352 lroeresin.
1043 2310 1073 2373 p.
1091 2302 1159 2352 233.
1180 2288 1243 2373 Op.
1260 2287 1412 2375 Cypriani
1431 2288 1483 2351 ed.
1498 2289 1610 2373 Oxou,

570 2372 656 2440 Vide
678 2388 711 2437 et
731 2373 763 2438 in
787 2372 900 2438 eodem
919 2372 1053 2437 Concilio
1068 2373 1109 2437 ad
1126 2391 1276 2437 numeros
1289 2374 1372 2437 xxix.
1387 2389 1420 2437 et
1434 2372 1510 2437 xlix.
1525 2374 1605 2438 alios

570 2459 654 2524 duos
709 2458 836 2542 iseopos
850 2459 1007 2523 similibus
1019 2460 1148 2523 vocibus
1161 2476 1299 2535 utenteS,
1310 2473 1380 2523 tum
1394 2481 1466 2521 vero
1481 2474 1617 2543 partem>

571 2480 706 2611 illamep
723 2544 841 2607 nodicae
856 2543 1012 2627 Epistolae
1029 2544 1157 2607 Consilii
1170 2544 1366 2622 Antiocheni,
1382 2566 1454 2629 quae
1476 2546 1517 2607 ab
1538 2547 1605 2607 Etr-⁴

572 2630 663 2696 sebio
678 2566 774 2691 allata
787 2644 837 2692 est
850 2630 882 2692 in
898 2628 953 2692 lib.
964 2629 1015 2693 vii.
1032 2629 1120 2692 Hist.
1137 2644 1208 2713 cap.
1220 2643 1270 2691 3ο.
1302 2630 1482 2693 Illustratur
1495 2644 1606 2693 autern

571 2714 725 2801 anonymi
746 2712 842 2800 hujus
865 2714 1026 2799 scriptoris
1045 2714 1148 2777 verbis
1166 2716 1200 2777 S.
1217 2715 1304 2778 Pauli
1326 2714 1405 2777 illud
1426 2715 1458 2778 in
1480 2716 1544 2797 Ep.
1564 2718 1606 2780 od

573 2801 680 2869 Titum
695 2820 765 2885 cap.
777 2799 812 2864 ii.
831 2814 1016 2864 cotnm.‘13.
1035 2799 1253 2886 προσδεχόμενον
1273 2806 1320 2878 τὴν
1343 2802 1485 2887 μακαρίαν
1507 2801 1606 2866 ἐλπίδα

572 2887 620 2959 καὶ
636 2885 787 2966 ἐπιφάνειαν
798 2891 846 2961 τῆς
860 2886 934 2963 δόξης
947 2893 995 2948 τοῦ
1011 2886 1140 2970 μεγάλου
1154 2891 1229 2950 Θεοῦ
1243 2888 1290 2948 aori
1306 2893 1423 2972 σωτῆρος
1437 2891 1511 2966 ἡμῶν
1525 2890 1606 2964 Ἰηοῦ

571 2978 688 3058 Χρνςοῦ.
734 2970 836 3037 Quod
852 2971 957 3035 solum
980 2971 1147 3041 Christum
1167 2971 1344 3057 designare,
1359 2972 1437 3036 olim
1450 2972 1606 3045 intellexit

572 3060 608 3129 S.
626 3056 839 3145 Hippolytus,
853 3056 909 3142 qui
930 3057 1087 3120 lrenaeum
1106 3058 1263 3121 audivisse
1278 3057 1405 3121 dicitur.
1449 3059 1503 3120 Sic
1517 3060 1606 3121 enim

571 3142 625 3209 ille
641 3143 675 3208 in
697 3143 759 3207 fine
776 3142 847 3229 ipso
862 3143 1009 3228 opusculi
1024 3144 1076 3207 De
1088 3141 1294 3219 Antichristo,
1313 3142 1538 3229 προσδεχόμενος
1558 3150 1607 3221 τὴν

571 3227 715 3339 panaplon
739 3228 838 3292 inalbat
861 3229 908 3292 nal
932 3229 1085 3308 intpoiruar
1098 3235 1147 3292 τοῦ
1161 3233 1236 3292 Θεοῦ
1251 3231 1298 3291 καὶ
1313 3234 1528 3313 vortiporium,
1543 3233 1569 3292 ὲν
1587 3229 1607 3317 ᾖ

570 3320 714 3394 ἀναςησοις
737 3316 801 3388 τοὺς
823 3313 919 3396 οἱγίους
942 3321 1028 3396 ἡμῶν,
1053 3317 1102 3378 σὺν
1126 3319 1217 3388 αὐτοῖς
1242 3316 1464 3400 εὖφρον-δήσετον,
1488 3315 1607 3399 δοξάζων

571 3402 691 3488 rrurs'pot.
707 3405 782 3485 αὐτῷ
794 3407 809 3478 ἡ
823 3401 886 3479 δόξα
898 3406 933 3474 εἰς
945 3401 1128 3477 ἀτελευτήτυς
1141 3406 1239 3474 αἰῶνας
1252 3406 1305 3462 τῶν
1320 3399 1431 3462 αἰώνων.
1449 3421 1480 3484 p.
1490 3414 1541 3464 33.
1553 3400 1605 3465 ed:

569 3487 719 3557 Fabricii.
765 3488 864 3550 Porro
878 3487 922 3550 ita
938 3486 1104 3572 Didymus
1118 3485 1353 3549 Alexandrinus
1372 3486 1405 3548 in
1426 3507 1522 3569 opere
1543 3509 1606 3550 nu·

571 3593 629 3658 per
648 3572 748 3646 edito,
762 3572 813 3635 De
834 3571 1000 3647 Trinitate,
1018 3572 1074 3634 lib.
1091 3571 1134 3634 iii.
1149 3593 1219 3679 cap.
1234 3585 1263 3632 2.
1286 3572 1316 3652 ᾧ.
1335 3576 1380 3633 16.
1410 3576 1446 3634 Εἰ
1467 3577 1504 3632 τῦ
1524 3571 1606 3652 μόνοιν

569 3663 635 3722 Θεοῦ
661 3655 797 3742 ἐξαίρετον
819 3659 851 3720 ri
874 3661 1010 3736 ῦμνεῖθαο
1028 3655 1120 3741 μέγας
1135 3661 1217 3729 Θεος·
1239 3656 1438 3738 ἂναφθὲγῦετου
1453 3659 1498 3719 δῦ
1520 3663 1606 3719 llari·

570 3757 630 3822 λος,
651 3749 687 3806 τῦ
705 3742 834 3827 μεγάλου
849 3745 912 3805 ost
929 3743 975 3803 nal
991 3747 1111 3826 σωτῆρος
1125 3748 1199 3822 ἡμῶν
1212 3745 1302 3817 Ἰησοῦ
1317 3747 1441 3828 Xois-oi,
1459 3743 1519 3804 dcc.
1556 3744 1569 3805 Ι
1574 3758 1608 3805 ta

571 3843 606 3895 et
626 3851 660 3893 se
681 3828 779 3892 habet
799 3827 912 3891 titulus
929 3827 1081 3890 Homilioe
1101 3828 1224 3912 prima,
1241 3849 1313 3911 quae
1329 3829 1362 3889 S.
1375 3826 1607 3910 Amphilochio

570 3913 774 3991 adscribitur,
789 3918 840 3986 Εἰς
854 3917 891 3975 τοὶ
906 3912 1029 3998 γένεθλα
1049 3918 1098 3975 τοῦ
1116 3913 1245 3994 μεγάλου
1259 3917 1323 3974 Θεῦ
1337 3914 1384 3974 καὶ
1400 3918 1520 3998 σωτῆρος
1532 3919 1608 3994 ἡμῶν

570 4002 661 4078 Ἰησοῦ
685 4005 799 4086 Χρνςοῦ.
835 3999 985 4084 Denique
1007 3999 1040 4063 in
1060 3998 1197 4062 eundem
1222 3998 1356 4061 modum
1378 3997 1484 4062 locum
1507 3998 1606 4062 inter·

571 4085 688 4172 pretati
703 4100 777 4148 sunt
787 4098 1058 4149 commentatores
1074 4099 1204 4161 veteres,
1219 4085 1484 4170 ChrysostomuS‚
1498 4084 1607 4147 Theo·

572 4171 716 4248 doretus,
739 4171 967 4248 OEcumenius,
991 4170 1120 4255 aliique.
1164 4171 1213 4232 Ex
1236 4169 1352 4254 quibus
1373 4169 1522 4232 omnibus
1543 4168 1607 4233 hoc

570 4257 687 4321 saltem
702 4255 877 4341 colligitur,
892 4279 954 4319 non
971 4270 1150 4320 nostrarum
1166 4269 1290 4318 tantum
1306 4253 1428 4316 dierum
1449 4275 1519 4317 esse
1543 4254 1608 4318 tale

568 4341 759 4428 apostolicae
780 4341 931 4404 orationis
952 4342 1281 4426 interpretamentum.
1323 4338 1477 4403 Conferas
1499 4353 1532 4401 et
1555 4340 1607 4403 hie

568 4428 696 4493 'utiliter
717 4428 821 4491 2Pet.
839 4426 859 4489 i.
882 4443 907 4489 t.
930 4439 964 4490 et
985 4427 1161 4490 clausulam
1184 4426 1329 4509 epistolae
1350 4424 1454 4511 ejusd.
1499 4425 1607 4488 Caete-

573 4536 644 4578 rum
666 4512 785 4577 desunt
804 4513 898 4574 verba
917 4513 964 4573 καὶ
985 4511 1083 4597 Κύρνος
1102 4514 1176 4592 ἡμῶν
1195 4513 1287 4588 Ἰηοῦς
1307 4511 1419 4594 Χριςὸς,
1437 4531 1509 4595 quae
1524 4532 1606 4594 prae-

568 4612 660 4666 stant
670 4620 744 4664 cum
759 4619 870 4663 ornnes
886 4598 1016 4662 Eusebii
1031 4597 1171 4675 codices,
1182 4610 1251 4661 tum
1267 4596 1372 4660 Rufini
1387 4597 1607 4682 interpretatio
