4092 5675
620 785 672 854 IN
687 787 722 852 S.
736 783 946 853 DIONYSII
962 781 1223 850 NICETIANA
1237 781 1410 851 FRAGM.
1463 803 1528 871 431

544 958 742 1035 1111111.
763 958 894 1040 ἀγαθῶν]
920 956 996 1020 Hoc
1018 953 1061 1018 sd
1085 976 1188 1040 marg.
1202 955 1321 1041 posuit
1341 953 1468 1038 lunius,
1492 967 1533 1021 ut
1604 1031 1606 1039 Α

496 1039 673 1116 lectionem
689 1042 873 1120 variantem,
887 1063 947 1127 pro
960 1044 1087 1126 ἂγαςῶν,
1098 1054 1195 1139 atque
1207 1042 1253 1105 ita
1267 1042 1386 1130 legitur
1398 1042 1431 1106 in
1445 1042 1531 1106 codd.

501 1136 572 1206 176.
587 1144 621 1194 et
639 1144 705 1207 195.
720 1142 753 1192 et
767 1142 837 1211 751.
866 1128 983 1211 Neque
997 1126 1039 1190 ab
1053 1125 1104 1190 his
1119 1125 1302 1213 disjungere
1315 1128 1392 1192 licet
1406 1139 1467 1191 vet.
1482 1127 1532 1192 in*

495 1228 533 1280 te
573 1228 675 1281 retem
690 1212 887 1278 Comitolunr.
931 1211 1049 1299 Recepi
1070 1233 1150 1298 ergo
1169 1216 1297 1297 ἀγαθῶν,
1312 1214 1431 1300 quippe
1445 1211 1534 1298 quod

496 1321 554 1366 me
567 1301 617 1365 ius
630 1298 798 1365 convenire
811 1320 886 1363 curn
903 1297 1108 1383 sequentibus
1122 1296 1256 1376 videtur,
1293 1321 1367 1362 uam
1381 1304 1508 1383 ἀγαςῶν.

543 1386 665 1451 Ibid.l.
679 1400 710 1450 3.
733 1383 759 1447 si
777 1411 804 1447 11
825 1384 935 1467 ἀγαθὸν
951 1384 1024 1469 &cl
1046 1386 1096 1447 lta
1114 1395 1148 1446 et
1163 1384 1237 1447 cod.
1298 1405 1347 1448 ex.
1361 1385 1462 1465 ro‘rto',
1477 1382 1535 1449 sed

496 1471 534 1540 in
548 1470 602 1536 ed.
618 1472 763 1536 Romana
777 1469 861 1534 deest
873 1472 958 1555 stapel
972 1480 1045 1533 ante
1057 1472 1152 1532 αὐτοῦ.

545 1556 631 1622 lbid.
647 1556 669 1620 l.
686 1570 733 1620 10.
755 1555 805 1630 Εἷς
819 1561 888 1641 γὰρ,
904 1555 995 1637 φησὶν,
1011 1556 1052 1627 ὲςὶ
1067 1555 1187 1633 δυνατὸς,
1201 1553 1282 1634 σᾶφος
1297 1552 1414 1641 σφόδρα]
1431 1553 1535 1621 Addit

501 1642 579 1708 cod.
595 1657 660 1720 195.
676 1643 723 1704 καὶ
739 1655 812 1706 ante
826 1641 918 1723 σόφος.
962 1639 1110 1704 Discedit
1123 1662 1197 1704 vero
1211 1640 1388 1727 Dionysius
1406 1661 1426 1705 a
1442 1642 1535 1706 codi-

499 1729 596 1794 cibus
611 1733 664 1791 1ὤν
679 1725 712 1804 r',
727 1727 760 1789 in
774 1726 890 1812 quibus
904 1724 1064 1803 scribitur,
1079 1726 1115 1799 εἷς
1129 1728 1170 1798 ἐςι
1187 1726 1279 1808 cipe„
1295 1724 1403 1811 φοὸερὸς
1418 1725 1534 1812 σφόδρα.

501 1812 605 1900 Quod
629 1812 761 1898 quidem
786 1811 900 1876 melius
924 1824 1116 1896 congrueret
1140 1832 1215 1875 cum
1238 1812 1456 1899 sequentibus,
1478 1814 1538 1879 ubi
1574 1894 1576 1897 .

500 1912 619 1964 auctor
633 1896 771 1962 eundern
785 1898 903 1961 librum
914 1898 1019 1961 affert.
1070 1929 1072 1934 ·

549 1983 633 2048 Ibid.
644 1982 668 2047 l.
684 1989 730 2047 16.
752 1984 811 2046 Kal
824 1984 866 2047 ἐπὶ
881 1983 994 2067 ταύτην]
1011 1984 1158 2047 Fortasse
1171 1981 1307 2047 delenda
1320 1996 1369 2049 est
1425 1982 1538 2049 rticuls
1644 1997 1648 2006 '

502 2070 527 2156 a}
544 2081 619 2155 post
631 2067 745 2132 codices
758 2068 995 2153 antiquissimos
1009 2082 1079 2131 201.
1095 2081 1130 2132 et
1145 2083 1211 2145 195.
1227 2069 1344 2153 quibus
1359 2092 1378 2133 a
1401 2070 1457 2133 das
1471 2070 1538 2135 cod.

505 2168 577 2230 178.
592 2154 638 2218 ibi
651 2154 736 2219 enim
751 2153 863 2219 isthaec
878 2154 919 2218 ab
933 2153 994 2216 alia
1009 2176 1108 2218 manu
1120 2166 1179 2217 est.
1217 2152 1328 2219 sedin
1341 2155 1430 2220 codd.
1445 2176 1538 2241 repe·
1600 2217 1604 2226 ,

503 2239 588 2305 ritur
606 2245 672 2316 176.
687 2253 720 2304 et
735 2253 804 2315 7⁵1·

552 2323 637 2389 Ibid.
660 2330 673 2387 ὁ
688 2325 817 2411 Βαροὺχ]
834 2326 872 2388 11
886 2323 966 2388 edito
979 2323 1119 2410 positum
1133 2337 1184 2388 est
1197 2325 1244 2387 καὶ
1259 2330 1272 2388 ὁ
1287 2324 1403 2413 Βαςέχ.
1425 2327 1541 2413 Quum

501 2429 583 2477 vero
599 2409 682 2474 desit
701 2412 748 2474 καὶ
767 2410 799 2473 11
820 2410 933 2473 iisdem
947 2408 1099 2474 codicibus
1112 2425 1180 2473 201.
1196 2423 1228 2474 et
1246 2426 1312 2488 195.
1327 2412 1470 2498 olimque
1483 2414 1542 2476 ab·

507 2508 594 2562 esset
608 2518 627 2560 a
641 2496 706 2559 cod.
725 2508 791 2574 178,
806 2510 839 2559 et
853 2496 985 2559 forsitan
1000 2494 1033 2558 in
1049 2494 1158 2559 alteris
1171 2493 1285 2559 duobus
1299 2495 1408 2560 MStis
1425 2504 1491 2572 176.
1505 2511 1541 2563 et

508 2593 580 2657 751.
596 2586 609 2643 i
626 2581 659 2645 in
678 2581 726 2643 καὶ
741 2580 909 2660 transierit,
924 2602 998 2643 narn
1012 2581 1165 2645 articulus
1179 2581 1211 2644 in
1227 2593 1301 2645 utro
1325 2603 1365 2645 ue
1380 2581 1542 2646 desidera·

508 2681 573 2745 tur,
586 2665 776 2752 particulam
796 2666 897 2750 igitur
917 2666 1127 2730 omittendam
1148 2666 1265 2751 putavi.
1302 2604 1542 2733 ί1111111111)

509 2752 585 2818 loco
605 2751 760 2823 invenisse
781 2753 828 2814 καὶ
852 2750 1434 2838 011111111111111111ηηὶ111111,Αά
1451 2754 1543 2844 lrrq‘os

509 2837 676 2923 sapientire
692 2837 812 2901 leolam
826 2837 969 2900 notitiam
983 2837 1119 2901 Baruclr.
1506 2866 1508 2871 ¹

557 2925 591 2987 P.
603 2936 672 2988 408.
686 2923 709 2987 l.
725 2929 772 2986 16.
796 2927 870 3004 μετὰ
882 2923 1026 3005 θαύματος
1040 2926 1120 2998 αὐτὸς
1133 2924 1361 3009 ἀπηριθμῆσατο]
1375 2927 1420 2990 H.
1429 2946 1459 2989 e.
1473 2926 1543 3012 ipse

510 3009 627 3075 JobuS.
671 3009 747 3071 Post
765 3009 810 3071 iva
829 3010 930 3085 ταύτην
948 3008 981 3072 11
1005 3010 1211 3094 sequentibus
1232 3011 1333 3097 εὑρήσει
1352 3031 1413 3096 pro
1432 3010 1490 3098 εὕρῃ
1503 3033 1546 3075 ex

512 3094 600 3159 codd.
619 3109 685 3173 195.
699 3108 733 3158 et
746 3108 815 3158 201.
830 3108 863 3157 et
880 3107 946 3169 178.
962 3095 993 3157 in
1008 3106 1132 3158 textum
1147 3095 1263 3181 recepi.
1517 3109 1519 3115 '

858 3339 1192 3377 ...κο-...ι-

556 3521 649 3587 Cum
672 3521 863 3607 fragmenta,
878 3543 949 3607 quae
969 3532 1101 3597 restant,
1124 3520 1157 3583 S.
1174 3517 1324 3606 Dionysii
1343 3519 1549 3587 Alexandrini

493 3607 732 3692 collegissem,
749 3608 896 3692 notisque
915 3607 1134 3683 illustrassern,
1149 3604 1205 3669 diu
1225 3619 1337 3690 postea
1357 3606 1437 3670 mihi
1457 3628 1549 3670 com·

516 3709 645 3777 pertram
671 3707 731 3770 est,
761 3692 846 3755 edita
877 3692 1008 3755 demum
1038 3692 1092 3754 illa
1118 3691 1286 3776 separatim
1313 3692 1410 3756 fuisse
1436 3692 1549 3756 Romae

516 3800 601 3841 anno
620 3783 704 3855 1796.
718 3779 751 3841 in
767 3777 857 3855 folio,
871 3791 909 3840 ut
921 3777 1110 3863 loquuntur,
1125 3799 1145 3841 a
1158 3779 1200 3840 V.
1216 3776 1256 3839 C.
1272 3777 1402 3840 Simone
1417 3776 1457 3840 de
1471 3779 1548 3841 Ma·
1612 3774 1615 3780 ’

517 3863 638 3948 gistris.
680 3864 714 3926 A
727 3863 860 3927 consilio
874 3884 952 3948 ergo
968 3864 1001 3926 S.
1015 3862 1210 3948 Dionysium
1224 3861 1473 3930 disertissimum
1488 3883 1549 3948 pa·

517 3965 601 4015 trem
620 3948 745 4026 edendi,
759 3969 942 4034 quanquam
962 3948 1043 4012 liber
1063 3948 1226 4011 Romanus
1246 3968 1310 4011 non
1330 3947 1472 4032 pervenit
1490 3948 1550 4013 ad·
1612 3976 1614 3981 ·

518 4034 585 4098 huc
599 4032 641 4097 ad
656 4056 770 4097 manus
787 4055 885 4112 meas,
897 4045 1074 4111 revocatus,
1086 4045 1232 4117 excerpta
1243 4044 1367 4096 tanturn
1382 4033 1552 4098 Nicetiana

519 4119 632 4183 isthaec
653 4141 729 4182 oum
750 4119 878 4182 duobus
896 4119 944 4182 vel
960 4119 1061 4182 tribus
1076 4117 1227 4204 Dionysii
1242 4118 1416 4197 1111111111,
1454 4143 1504 4184 uae
1519 4121 1552 4184 in

520 4204 758 4269 Oxoniensibus
772 4215 957 4288 comparent
970 4203 1111 4281 Catenis,
1123 4203 1284 4267 canonicae
1299 4203 1368 4290 ejus
1382 4204 1423 4267 ad
1457 4207 1555 4276 ,asili-

520 4290 596 4353 dem
616 4289 760 4374 epistolae
783 4290 920 4375 adjicere
941 4289 1038 4352 statui
1048 4313 1057 4368 3
1080 4288 1198 4374 quippe
1213 4310 1288 4352 curn
1303 4312 1343 4354 ex
1358 4290 1463 4353 MStis
1478 4291 1552 4375 plu·

521 4376 611 4439 ribus
637 4374 741 4439 multo
762 4375 982 4441 ,emendatiora
1007 4374 1120 4438 eadem
1147 4373 1316 4439 Nicetiana
1341 4386 1493 4461 praestare
1519 4376 1553 4438 in

521 4460 651 4526 Oxonio
666 4460 763 4524 vitam
777 4460 898 4545 degens
912 4461 1083 4547 potuerim.
1114 4459 1177 4522 Sed
1192 4459 1241 4523 his
1258 4460 1363 4539 finitis,
1377 4460 1417 4523 ad
1433 4460 1555 4546 reliqua

520 4567 704 4632 pergamus.

568 4633 601 4693 P.
616 4645 685 4707 409.
708 4630 795 4694 l.10.
822 4633 932 4712 (Ἄλεξ.
956 4633 1028 4690 addi·
1042 4632 1153 4689 videtur
1174 4635 1204 4690 in
1229 4634 1302 4692 Cod.
1325 4631 1389 4688 MS.
1414 4632 1554 4694 Biblioth.

523 4718 673 4806 coislin.)]
693 4715 774 4780 Haec
796 4730 892 4805 atque
914 4715 1012 4780 altera
1034 4715 1183 4801 Dionysii
1204 4714 1359 4788 sententia
1378 4715 1411 4801 iu
1431 4713 1556 4780 Catsna
