4092 5675
505 778 568 852 250
842 754 1202 827 suuormmuss

503 931 687 1022 disputavit.
731 931 900 996 Merentur
920 946 1039 1011 autem,
1064 946 1099 997 ut
1121 933 1327 996 conferantur
1347 931 1389 997 de
1414 933 1568 1001 addim

503 1034 616 1085 mento
630 1020 693 1083 isto
708 1019 848 1081 Grabius
863 1020 894 1081 in
909 1020 1030 1105 Opusc.
1042 1020 1093 1081 De
1106 1019 1138 1082 V
1137 1019 1202 1082 itiis
1212 1018 1321 1083 LXX.
1336 1020 1455 1104 interp.
1470 1032 1550 1086 anta.

506 1106 652 1194 origenis
671 1128 773 1169 cauum
794 1103 895 1167 illotis
940 1120 1013 1169 .25.
1030 1118 1062 1169 et
1078 1125 1109 1189 p.
1122 1120 1173 1168 40.
1195 1119 1292 1191 atque
1316 1107 1471 1170 Usserius
1492 1109 1546 1171 De

505 1191 649 1256 Cironoi.
671 1192 757 1255 socr.
775 1213 803 1253 c.
820 1191 860 1254 vi.
938 1191 959 1253 d
979 1190 1157 1255 Eusebium
1179 1203 1286 1255 tamen
1303 1191 1392 1277 quod
1414 1194 1544 1273 attinet,

502 1278 594 1343 illum
610 1289 673 1342 non
690 1277 835 1341 omisisse
851 1299 950 1340 annos
963 1277 1108 1355 Camoni,
1120 1278 1164 1340 ait
1176 1298 1210 1341 se
1221 1276 1328 1341 adhuc
1341 1289 1471 1362 putare,
1483 1300 1542 1343 nec

503 1364 645 1450 Syncelli
669 1364 770 1427 verbis
797 1363 913 1448 saepius
940 1364 1002 1426 hoc
1032 1362 1174 1426 Eusebio
1199 1361 1379 1449 objicientis
1407 1366 1542 1444 moveri,

502 1450 736 1514 eruditissimus
755 1450 941 1513 Pearsonius
963 1450 995 1514 in
1017 1447 1165 1534 Epistola
1186 1448 1228 1511 ad
1243 1448 1325 1513 Eoo.
1341 1449 1541 1513 Bernartium

502 1559 523 1599 a
545 1535 587 1600 cl.
611 1537 755 1599 Hearnio
773 1535 861 1599 edita
881 1535 912 1598 in
939 1535 1064 1598 Praefat.
1090 1557 1148 1597 sua
1170 1550 1245 1597 ante
1270 1534 1399 1598 Tiomoe
1421 1534 1542 1620 Sprotti

502 1620 686 1701 Chronicon,
702 1621 743 1685 ad
758 1642 789 1705 p.
804 1620 899 1684 xlviii.
938 1621 1059 1684 Saltem
1074 1620 1107 1684 in
1123 1620 1380 1707 Hieronymiana
1397 1620 1540 1686 coronio

501 1707 672 1773 Eusebium
685 1708 840 1771 Versione
856 1706 953 1792 hujus
968 1707 1091 1770 Cainan
1108 1729 1207 1769 annos
1221 1705 1478 1770 extarevidebis.

547 1794 581 1857 P.
600 1808 665 1857 130.
682 1794 704 1856 l.
716 1807 746 1856 2.
771 1791 893 1876 ,firm
908 1794 1046 1857 Numeri
1060 1792 1135 1856 huic
1150 1792 1225 1857 loco
1241 1806 1339 1877 atque
1354 1792 1539 1857 nominibus

502 1879 587 1957 Sala,
609 1879 731 1957 Heber,
752 1879 888 1941 Phaleco
913 1878 1050 1965 subjecti
1073 1900 1193 1942 annum
1217 1901 1237 1942 a
1261 1877 1386 1942 mundo
1408 1878 1538 1944 condito
1568 1910 1571 1917 ’

501 1963 677 2030 secundum
693 1964 837 2028 Africani
853 1964 990 2028 rationes
1005 1964 1185 2050 designant.

545 2051 628 2114 Ibid.
645 2050 668 2113 l.
685 2058 715 2114 6.
738 2048 953 2123 Φαλὲκ-ἕτως
969 2050 1152 2126 ἐπικληθέντα
1172 2053 1217 2113 διὰ
1236 2052 1268 2113 τὸ
1285 2050 1360 2134 &c.]
1382 2051 1495 2116 Genes.
1509 2073 1538 2116 x.

500 2152 551 2201 25.
577 2137 636 2199 Kal
660 2142 699 2222 τῷ
718 2134 806 2221 Ἕέερ
831 2140 941 2285 (quem
964 2139 991 2199 E
1015 2135 1161 2221 iphanius
1183 2136 1240 2201 lib.
1257 2138 1284 2200 I.
1307 2135 1393 2200 Ado.
1414 2137 1538 2201 Hoeres.

502 2246 535 2287 n.
549 2236 580 2287 4.
595 2220 690 2299 edesii
707 2225 753 2284 καὶ
769 2229 848 2285 &sons
868 2160 1049 2308 iappeliat)
1067 2224 1249 2307 ἐγεννήθησαν
1264 2222 1306 2285 δύο
1322 2221 1386 2300 ulol,
1402 2221 1489 2305 ὄνομα
1502 2228 1538 2308 τῷ

503 2310 552 2387 nt,
574 2311 688 2393 Φαλὲγ·
721 2307 761 2371 i'ro
784 2312 810 2371 ἐν
831 2313 892 2383 ταῖς
913 2309 1024 2393 ἡμέραις
1046 2312 1129 2370 αὐτοῦ
1150 2308 1294 2391 διεμερίθη
1313 2315 1329 2384 ἡ
1350 2311 1389 2390 γῆ
1414 2309 1476 2372 διο.
1497 2312 1539 2371 τὸν

502 2416 563 2480 pro
589 2398 620 2458 τὸ
646 2394 799 2458 mendose
826 2393 998 2479 Spaceilus,
1025 2415 1122 2478 quem
1148 2394 1316 2479 corrigunt
1342 2393 1487 2479 Scaliger
1509 2407 1540 2459 et

504 2482 550 2544 Μ
549 2482 598 2544 Sti
614 2481 813 2543 Porisieuses.
847 2482 929 2542 Mox
940 2482 1050 2563 Ῥαγαῦ
1065 2480 1153 2566 quod
1168 2480 1287 2543 habent
1299 2479 1410 2543 LXX.
1423 2482 1539 2565 Interp.

502 2567 552 2631 bis
567 2567 660 2653 posui
674 2589 713 2629 ex
729 2567 805 2630 MS.
822 2566 925 2628 Poris.
936 2565 1102 2650 posteriore
1116 2586 1174 2649 pro
1187 2565 1313 2649 Ῥαγίιμ.

547 2652 631 2715 Ibid.
654 2652 675 2715 l.
691 2641 721 2729 9¹.
749 2653 792 2728 ἔτη
817 2650 874 2734 γ’.]
899 2652 1062 2748 Georgius
1087 2650 1231 2714 addidit:
1255 2655 1331 2713 κατὰ
1354 2652 1382 2713 δὲ
1408 2648 1540 2715 Εὐσὲὅινν

501 2737 606 2826 βῆτ’.
619 2737 651 2799 h.
662 2758 690 2799 e.
705 2715 869 2800 secundum
884 2735 1054 2799 Eusebium
1068 2751 1157 2813 2980.
1175 2737 1312 2821 demptis
1328 2736 1482 2801 nimirum
1497 2737 1540 2801 vi·

461 2905 464 2909 ,
500 2823 584 2909 ginti
600 2822 689 2887 annis
701 2846 780 2908 quos
797 2822 932 2899 addunt,
942 2845 1016 2886 cum
1030 2824 1201 2887 Africanus
1216 2835 1284 2887 tum
1298 2845 1372 2887 vero
1384 2822 1540 2888 editiones

501 2909 649 2995 quaedam
670 2909 864 2994 codicesque
884 2909 992 2994 scripti
1013 2914 1066 2970 τῶν
1086 2909 1118 2971 o'.
1135 2908 1273 2993 tempori
1292 2915 1341 2984 τῆς
1362 2910 1540 2983 παιδοποιΐας

501 2994 710 3059 Mathusalae.
756 2997 907 3057 Attamen
927 2994 990 3057 veri
1012 2995 1136 3058 numeri
1158 2995 1328 3079 Eusebiani
1351 3009 1428 3058 suut
1451 3010 1539 3074 2982,

501 3080 585 3146 unde
602 3082 646 3159 fit,
663 3093 699 3143 ut
719 3081 761 3143 ab
781 3079 926 3143 Africani
946 3079 1009 3143 illis
1028 3094 1116 3143 3000.
1137 3080 1283 3143 differant
1302 3081 1393 3143 annis
1415 3093 1539 3145 tantum

504 3182 559 3244 183
583 3182 802 3252 suppresserat
821 3179 942 3246 autem,
957 3181 995 3229 ut
1012 3164 1088 3243 dixi,
1102 3167 1274 3229 Africanus
1290 3166 1371 3228 duos
1387 3181 1463 3229 ante
1477 3168 1539 3230 Ar·

500 3254 627 3339 phaxad
647 3275 757 3316 annos.
803 3253 935 3315 Prorsus
958 3273 1032 3315 vero
1055 3252 1279 3315 convenienter
1299 3274 1373 3315 cum
1397 3252 1540 3316 Africani

501 3362 629 3404 summa
655 3355 744 3418 3000,
768 3338 901 3425 aliisque
928 3336 1073 3424 ejusdem
1102 3336 1295 3422 chronologi
1321 3339 1500 3401 rationibus
1522 3359 1540 3400 a

501 3427 661 3512 plerisque
684 3425 833 3488 omnibus
855 3424 932 3486 olim
955 3424 1101 3508 receptis,
1126 3422 1196 3484 haec
1219 3422 1330 3485 scribit
1350 3423 1539 3487 Eustathius

503 3513 672 3576 Commeat.
688 3512 721 3574 ia
736 3511 889 3573 Heaaem.
912 3509 1020 3586 Γίνεταν
1043 3509 1087 3570 οὖν
1107 3510 1160 3571 ἀπὸ
1179 3511 1273 3590 Ἀδὰμ
1293 3509 1334 3570 ἐπὶ
1349 3512 1397 3585 τὴν
1412 3513 1540 3586 τελευτὴν

500 3599 603 3660 Φαλὲκ
619 3597 663 3674 ἔτη
679 3596 838 3681 τρισχίλια·
863 3596 904 3657 ἐστὶ
920 3596 946 3656 δὲ
962 3599 1009 3671 τὴν
1023 3600 1071 3656 τοῦ
1086 3593 1176 3678 Kopis
1192 3593 1352 3676 παρουσίαν
1367 3596 1416 3656 καὶ
1430 3595 1539 3667 droien-

501 3709 545 3746 σιν
568 3683 612 3761 ἔτη
634 3681 874 3765 πεντακισχίλια,
890 3682 937 3743 καὶ
955 3680 1133 3742 πεντακόσια
1150 3679 1298 3765 τριάκοντα
1315 3679 1351 3741 ἕν.
1374 3701 1408 3765 p.
1423 3695 1475 3743 55.
1489 3679 1538 3745 ed.

501 3769 624 3834 Alla'tii.
654 3768 731 3832 Vid.
745 3770 847 3830 Num.
864 3789 900 3830 x.
919 3767 969 3829 lin.
985 3788 1017 3850 p.
1034 3781 1099 3829 132.
1116 3779 1149 3828 et
1163 3768 1265 3828 Num.
1284 3787 1316 3828 r..
1336 3786 1368 3849 p.
1388 3781 1456 3842 192.
1567 3819 1584 3844 ,-

545 3855 629 3919 Ibid.
645 3853 667 3917 l.
686 3869 730 3915 11.
758 3852 846 3939 Θάρα
862 3851 894 3914 o'.
912 3855 977 3914 ἐτῶν
991 3850 1040 3934 ὢν]
1060 3853 1187 3914 Goarus
1205 3851 1257 3913 hic
1272 3865 1305 3913 et
1320 3872 1417 3933 supra
1432 3851 1540 3936 posuit

501 3940 541 4004 ad
559 3963 662 4025 marg.
677 3939 789 4025 Θάρὁ.
836 3939 900 4002 Sed
916 3938 1004 4023 Θᾶρα
1020 3960 1094 4000 eum
1116 3935 1252 4021 simplici
1267 3963 1283 4019 ρ
1299 3949 1454 4019 praestant
1469 3937 1540 4021 plu·

500 4028 581 4088 rima
600 4011 793 4111 exemplaria
809 4030 863 4086 τῶν
877 4024 909 4087 o'.
924 4046 1000 4087 cum
1016 4023 1103 4086 edita
1116 4036 1187 4085 tum
1202 4021 1330 4105 scripta.
1377 4021 1538 4086 Caeterum

500 4111 561 4173 etsi
585 4111 676 4174 aliter
697 4111 796 4174 sensit
815 4110 997 4187 Africanus,
1012 4122 1050 4171 ut
1070 4131 1109 4170 ex
1129 4108 1269 4194 Syncelli
1287 4129 1419 4192 quoque
1438 4108 1539 4171 verbis

374 4262 382 4277 1
439 4227 440 4231 ’
501 4208 590 4282 patet
606 4195 646 4258 ad
663 4217 738 4281 pag.
751 4211 801 4273 92.
821 4196 984 4279 Ἀφρικανὸς
1005 4196 1058 4256 ἀπὸ
1080 4196 1176 4275 Ἀδὰμ
1190 4194 1232 4255 ἐπὶ
1247 4195 1278 4254 τὸ
1292 4201 1399 4275 πρῶτον
1414 4192 1473 4268 ἔτος
1487 4196 1539 4256 Ἀ·

502 4281 598 4366 ἔραὰμ
619 4279 663 4357 ἔτη
686 4279 779 4365 Ιγσέἲ
802 4279 999 4363 ἒπελσγῖσατο,
1016 4279 1123 4342 Thura
1139 4294 1244 4342 tamen
1260 4277 1486 4342 Abrahamum
1506 4279 1541 4341 fis

500 4367 618 4431 liorum
640 4388 769 4440 suorum
793 4379 871 4428 natu
893 4365 1062 4428 minimum
1082 4365 1233 4449 genuisse
1254 4386 1338 4426 anno
1354 4364 1460 4428 aetatis
1474 4385 1539 4428 suae

504 4468 570 4517 130.
587 4475 650 4516 non
666 4464 715 4525 70.
731 4451 865 4514 videtur.
888 4450 972 4514 Vide
986 4451 1110 4514 Usserii
1129 4448 1270 4513 Ciroaol.
1287 4448 1374 4511 Socr.
1389 4471 1420 4513 c.
1434 4449 1487 4512 vii.

545 4539 628 4602 Ibid.
654 4540 677 4601 l.
707 4551 751 4598 12.
783 4537 898 4622 ’2.ῥράή
928 4538 978 4599 Ita
1005 4535 1149 4621 plerique
1172 4538 1226 4596 τῶν
1251 4532 1283 4596 o'.
1310 4535 1439 4598 codices
1464 4533 1539 4599 editi

500 4625 685 4710 scriptique,
704 4623 820 4686 MStus
844 4621 1005 4708 Syncellus
1023 4621 1175 4706 posterior
1196 4618 1370 4698 PurisiuuS,
1395 4621 1538 4705 Scaliger

500 4712 531 4776 in
548 4709 742 4788 EusebianiS,
760 4710 950 4792 Gnarusque
972 4707 1012 4769 ad
1034 4729 1136 4793 marg.
1154 4705 1302 4792 Syncelli,
1322 4706 1355 4767 in
1379 4707 1473 4813 cujus
1491 4720 1537 4768 ta·

497 4818 573 4861 men
588 4810 677 4860 textu
691 4809 778 4861 extat
791 4795 899 4880 Ἀρὰμ,
914 4793 1002 4880 quod
1019 4791 1140 4858 habeut
1159 4791 1306 4858 nonnulli
1324 4796 1379 4857 τῶν
1400 4817 1434 4858 o.
1449 4789 1537 4858 codo
