4092 5675
675 781 727 846 nr
749 748 983 846 sueonum
1004 775 1367 844 nurrocnuunu.
1474 730 1538 861 553

502 941 549 1031 se,
562 950 830 1028 Comicularium,
843 950 1048 1039 Adjutorem,
1062 947 1403 1026 commentariensem,
1417 946 1458 1011 ab
1470 947 1539 1012 Ac·

502 1039 555 1116 tis,
570 1037 792 1114 NuurerarioS‚
807 1039 1011 1121 Exceptores,
1028 1049 1061 1099 et
1079 1049 1212 1099 caeteros
1231 1035 1392 1099 officiales.
1435 1034 1547 1098 Dice·-

501 1124 620 1187 bantur
639 1138 748 1189 autem
769 1121 941 1200 ducenarii,
958 1123 1033 1208 quia
1049 1121 1187 1186 ducenta
1207 1121 1353 1185 sestertia
1371 1120 1468 1185 annui
1487 1139 1540 1183 sa·

501 1208 572 1273 larii
591 1210 719 1272 nomine
739 1210 947 1295 accipiebant.
972 1210 1141 1271 Sertorii.
1186 1209 1236 1270 Et.
1249 1206 1291 1269 do
1311 1206 1374 1270 hoc
1396 1226 1539 1284 munere,

502 1294 591 1381 quod
614 1318 652 1359 ex
675 1297 893 1358 Romanorum
917 1293 1095 1357 imitatione
1118 1293 1242 1356 transiit
1260 1292 1300 1355 ad
1322 1292 1546 1379 Palmyrenos,

502 1380 628 1444 erudite
650 1381 718 1466 agit
737 1380 917 1465 'Abednego
938 1379 1076 1443 Sellerus
1097 1378 1128 1440 in
1150 1378 1340 1463 Appendice
1356 1378 1445 1441 Hist.
1459 1374 1539 1440 Pal·
1579 1392 1581 1396 ’

501 1487 604 1552 myrae
622 1466 761 1553 Anglice
781 1468 905 1551 scriptae
920 1487 949 1527 c.
964 1466 1007 1528 iii.
1047 1464 1210 1527 .210.8:c.
1255 1463 1319 1527 Sed
1341 1477 1374 1527 et
1394 1464 1435 1528 cl.
1459 1463 1539 1526 Mo-

501 1551 644 1616 shemius
666 1552 697 1615 in
716 1552 884 1615 Commeat.
906 1553 956 1614 De
976 1487 1075 1613 Belus
1098 1548 1351 1613 Christianorum·
1366 1560 1440 1613 ante
1461 1549 1546 1632 Cora

502 1648 599 1701 stant.
616 1638 667 1699 M.
684 1638 765 1701 Saec.
778 1638 820 1699 iii.
839 1638 868 1720 ξ.
881 1651 929 1700 35.
946 1658 982 1721 p.
991 1651 1061 1711 705.
1077 1636 1197 1711 scribit,
1214 1658 1248 1699 se
1266 1658 1340 1699 cunr
1364 1636 1434 1700 aliis
1457 1657 1544 1722 non·¹

501 1723 598 1785 nullis
611 1739 735 1809 putare,
752 1722 885 1785 Paulum
902 1722 987 1786 hunc
1003 1723 1259 1786 samosatensem
1271 1721 1448 1785 ducentarii
1464 1743 1545 1785 mu·.

501 1814 561 1872 rlus
578 1831 682 1872 revera
696 1809 844 1894 gessisse,
859 1808 1007 1894 idemque
1022 1809 1158 1871 fortasse
1173 1808 1354 1871 a‘Zenobia
1375 1808 1556 1895 Palmyre-².

502 1905 617 1958 norum
634 1917 667 1957 re
693 1895 745 1957 ina
759 1894 945 1972 obtinuisse,
959 1915 1031 1980 quae
1046 1893 1145 1979 ipsius
1161 1906 1295 1979 patrona
1310 1892 1381 1957 fuit.
1403 1893 1540 1972 Verum,

500 1992 539 2043 ut
556 1979 652 2044 fuerit
666 1916 856 2044 ducenarius
878 1979 1005 2056 Paulae,
1020 1980 1171 2055 tribunal,
1190 1979 1230 2042 de
1251 2002 1317 2065 quo
1336 1993 1442 2065 patres
1462 1999 1540 2044 mox
1573 2014 1575 2018 >

500 2065 673 2153 objiciunt,
699 2079 732 2129 et
761 2066 897 2129 thronus
925 2065 1069 2128 excelsus
1099 2078 1321 2149 secretumque
1347 2065 1428 2150 ejus,
1454 2064 1542 2132 haud

500 2166 671 2237 propterea
694 2152 900 2237 pertinerent,
921 2164 957 2213 ut
982 2151 1042 2213 sibi
1065 2150 1220 2235 persuasit
1242 2148 1392 2240 Sellerps,
1416 2150 1457 2213 ad
1479 2150 1542 2214 du-

500 2238 618 2300 cenarii
634 2237 791 2314 officium3
806 2235 962 2323 siquidem
979 2236 1091 2299 is‘thaec
1105 2234 1222 2299 Paulus
1235 2233 1281 2297 vir
1291 2236 1539 2320 superbissimus

500 2322 534 2386 in
556 2324 649 2386 rebus
672 2323 784 2386 divinis
805 2335 837 2386 et
855 2321 1078 2386 ecclesiasticis
1099 2321 1231 2407 agendis
1249 2342 1306 2406 per
1326 2321 1546 2385 imitationem¹
1629 2387 1633 2398 ,

500 2408 631 2494 quidem
653 2409 853 2472 saecularium
874 2407 1022 2495 judicum
1045 2407 1106 2470 sibi
1128 2418 1355 2492 comparasset,
1378 2407 1466 2494 quod
1489 2408 1538 2472 di-

500 2495 591 2557 sertis
605 2495 706 2557 verbis
722 2496 784 2558 hoc
800 2494 872 2557 loco
885 2510 990 2579 patres
1004 2494 1104 2557 aiunt.
1544 2573 1546 2579 Ι

545 2580 579 2643 Ρ.
595 2593 665 2643 480.
686 2579 708 2642 l.
724 2595 754 2643 2.
779 2580 965 2665 ὑπαγορεύων]
993 2580 1068 2643 Post
1090 2580 1171 2643 hanc
1193 2600 1303 2643 vocem
1326 2590 1482 2665 punctum
1505 2580 1539 2643 iu
1581 2597 1583 2601 ⁴

499 2687 629 2729 summo
648 2679 777 2729 notatur
790 2679 860 2730 turn
876 2666 908 2727 in
923 2664 1034 2728 codice
1051 2666 1164 2751 Regio,
1180 2678 1248 2728 tum
1265 2665 1350 2750 apud
1372 2664 1539 2749 Nicepho-

500 2773 573 2815 rum
589 2764 622 2814 et
637 2752 835 2839 Syncellum.
880 2750 945 2813 Sed
958 2772 1032 2814 cum
1048 2749 1080 2814 in
1095 2750 1207 2814 codice
1227 2750 1389 2814 Medieaeo
1407 2764 1440 2814 et
1463 2752 1539 2815 Ma-

500 2837 610 2902 zarino
626 2837 712 2901 nulla
727 2838 779 2901 hio
795 2849 924 2901 notetur
940 2837 1114 2915 distinctio,
1132 2837 1241 2901 malim
1258 2837 1366 2922 legere
1381 2859 1446 2902 uno
1461 2835 1541 2902 duc-

500 2935 538 2988 tu
552 2922 726 3009 ὑπαγορεύων
740 2921 801 3003 ἅμα
814 2922 932 3004 βαδίζων
946 2922 1076 3004 δημοσία,
1092 2925 1152 2987 &c.
1188 2923 1285 2987 Certe
1304 2924 1434 2988 Rufinus
1451 2923 1542 2990 hunc'

498 3009 610 3073 locum
633 3009 677 3073 ita
697 3009 777 3095 legit
795 3021 890 3157 atpire
906 3009 1073 3087 intellexit,
1090 3023 1127 3074 ut
1140 3032 1179 3072 ex
1194 3012 1263 3095 ejus
1278 3009 1420 3074 versione
1437 3030 1538 3108 appa·
1567 3084 1569 3090 ¹

498 3106 559 3159 ret.
605 3093 689 3158 Nam
713 3105 743 3157 et
766 3093 832 3158 iace
853 3116 906 3157 aar
927 3111 981 3178 per
996 3094 1134 3239 plateas,
1150 3095 1210 3157 tuli
1224 3095 1548 3191 paudumambittone'·

499 3179 654 3257 utebatur,
668 3178 790 3262 publice
802 3177 948 3261 epistolas
962 3201 995 3242 re
1002 3193 1109 3266 egens,
1123 3190 1217 3266 atque
1231 3179 1389 3244 tn'auditu
1403 3180 1539 3246 omnium

498 3275 530 3329 et
546 3264 642 3328 oculis
655 3265 786 3328 dictans.
810 3266 1024 3328 Venustus.

544 3350 627 3414 lbid.
646 3352 667 3414 l.
681 3359 710 3414 6.
734 3349 794 3413 οὔτε
812 3352 872 3436 τὴν]
891 3348 951 3412 οὔτε
971 3351 1005 3423 ὠς
1023 3351 1081 3426 τὴν,
1097 3350 1217 3414 omisso
1232 3349 1262 3427 ἣν
1277 3362 1351 3415 ante
1362 3351 1538 3437 μηχάνηται,

499 3436 577 3501 MS.
594 3435 733 3522 Nursolc.
778 3437 851 3500 Nec
866 3435 960 3499 male.
1004 3436 1109 3499 Abest
1126 3441 1206 3513 τῆνα
1223 3435 1375 3522 Syncello,
1396 3439 1453 3525 qui
1472 3464 1537 3526 reg-

498 3522 593 3609 -Spn'ar
630 3544 665 3585 ro
679 3521 821 3608 τερατείαν
836 3521 965 3600 invenit,
981 3520 1068 3606 quod
1084 3521 1215 3606 perinde
1230 3537 1289 3587 est.

526 3544 628 3671 ‘Ibid
642 3607 663 3669 l.
677 3624 707 3685 9.
730 3610 809 3687 βῆμα
829 3611 879 3687 μὲν
902 3607 948 3669 καὶ
968 3607 1062 3694 θρόνον
1081 3608 1198 3691 ὑψηλὸν]
1217 3607 1465 3694 Reprehendunt
1479 3631 1537 3695 pa·

499 3704 564 3756 tres
587 3691 783 3756 Antiocheni
809 3692 946 3756 Concilii
975 3693 1006 3755 in
1038 3692 1136 3756 Paulo
1165 3694 1316 3779 episcopo
1341 3695 1537 3775 Antiochiae,

500 3800 565 3842 non
580 3778 667 3864 quod
683 3778 836 3842 thronum
852 3777 1008 3842 habuerit.
1054 3780 1130 3842 Hoc
1139 3780 1229 3842 'enim
1246 3780 1370 3865 insigne
1385 3794 1452 3844 erat
1467 3781 1539 3867 epi«

500 3886 685 3950 scoporum,
699 3878 735 3927 ut
749 3864 781 3927 in
796 3863 913 3928 throno
928 3885 984 3926 seu
999 3863 1152 3926 cathedra
1172 3865 1330 3931 sederent.
1374 3867 1442 3932 oui
1463 3888 1536 3932 mos

495 3948 566 4037 jam
588 3949 663 4013 inde
684 3950 724 4012 ab
744 3949 928 4034 apostolicis
944 3950 1142 4034 temporibus
1157 3950 1329 4014 invaluerat
1344 3951 1374 4014 in
1389 3951 1535 4018 ecclesia.

501 4036 598 4100 Certe
615 4035 729 4099 Jacobi
750 4035 855 4098 fratris
874 4035 1009 4099 Domini
1030 4034 1194 4114 thronum,
1219 4035 1458 4124 Hierosolymis
1479 4038 1537 4105 ad·

499 4120 564 4185 huc
578 4144 636 4185 sua
651 4132 746 4184 aetate
761 4134 918 4184 servatum
937 4120 1035 4184 fuisse
1056 4134 1190 4186 testatur
1209 4122 1367 4185 Eusebius
1384 4123 1415 4186 in
1432 4125 1538 4212 capite

501 4220 549 4284 19.
565 4229 672 4292 supra.
719 4206 757 4269 ld
776 4206 875 4292 igitur
897 4206 927 4269 in
954 4205 1052 4270 Paulo
1068 4206 1221 4272 damnant
1236 4209 1403 4273 memorati
1417 4226 1536 4296 patres,

523 4292 588 4356 uod
612 4293 751 4357 tribunal
776 4291 836 4355 sibi
859 4292 979 4356 exstrui
1001 4309 1143 4356 curasset
1165 4294 1195 4356 in
1219 4293 1363 4375 ecclesia,
1383 4310 1416 4359 et
1441 4298 1472 4359 in
1495 4319 1536 4362 eo

499 4389 514 4440 t
538 4400 653 4441 ronum
675 4377 844 4442 sublimem
866 4377 925 4440 sibi
948 4378 1121 4459 statuisset.
1165 4380 1263 4444 Recte
1277 4376 1385 4466 itaque
1401 4381 1535 4446 Rufinus
1616 4400 1619 4407 ’

499 4463 586 4527 hunc
602 4463 711 4528 locum
727 4463 771 4527 ita
784 4463 886 4527 vertit.
930 4463 968 4526 In
987 4462 1114 4528 ecclesia
1128 4486 1196 4526 vero
1205 4464 1351 4528 tribunal
1364 4464 1422 4529 siti
1434 4467 1535 4532 multo

500 4547 596 4612 ultius
611 4564 706 4646 quam
715 4549 831 4635 fuerat
850 4548 979 4627 exstrui,
994 4559 1025 4612 et
1040 4548 1182 4613 thronum
1199 4550 1231 4612 in
1245 4548 1457 4615 excelsioribus
1472 4551 1534 4616 col·

500 4632 705 4719 locariyubet.
745 4637 772 4698 E
795 4635 896 4719 iseopi
910 4634 1039 4720 quidem
1056 4635 1209 4699 sedebant
1220 4636 1255 4698 in
1272 4636 1422 4700 cathedra
1435 4638 1534 4724 paulo

494 4719 612 4784 'altiore
627 4742 724 4807 quam
740 4657 852 4808 reliqui
867 4720 1058 4808 presbyteri,
1073 4733 1110 4787 ut
1122 4721 1265 4787 dicemus
1280 4721 1322 4786 ad
1339 4721 1396 4788 lib.
1409 4744 1442 4787 κε
1470 4723 1535 4790 Sed

969 4806 1063 4872 xk4
