4092 5675
675 768 728 835 IN
750 766 983 833 SYNODUM
1005 764 1367 877 ANTIQQHENAM.
1474 786 1538 856 493

501 938 729 1018 attribuerunt,
744 938 799 1004 alii
812 960 887 1003 cum
900 937 1032 1005 Valesio
1045 936 1087 1002 ad
1105 936 1187 1019 hane
1202 936 1412 1023 posteriorem
1427 936 1460 1002 in
1475 961 1541 1025 qua

501 1025 671 1114 depositus
685 1025 799 1090 Paulus
816 1024 889 1102 fuit,
903 1044 942 1088 ex
952 1023 1048 1089 titulo
1063 1023 1192 1110 quidem
1208 1024 1353 1108 epistolae
1367 1044 1541 1109 argumen-

502 1126 576 1178 tum
600 1111 765 1177 ducentes.
802 1109 979 1197 Basnagius
1000 1132 1074 1173 vero
1096 1110 1128 1173 in
1142 1108 1319 1173 Annalibus
1339 1108 1380 1173 ad
1401 1133 1452 1173 an.
1469 1116 1539 1175 261.

504 1197 558 1280 ἕξ.
570 1203 601 1261 6.
615 1211 649 1261 et
660 1209 691 1273 7.
706 1218 764 1261 nec
779 1194 891 1281 prioris
905 1216 1008 1282 neque
1022 1194 1205 1279 posterioris
1221 1194 1336 1281 synodi
1350 1193 1450 1259 totius
1464 1216 1541 1260 auc·

503 1282 639 1361 toritati,
649 1282 712 1347 ‘sed
727 1279 884 1368 episcopis
899 1279 1062 1359 duntaxat,
1074 1302 1210 1367 quorum
1228 1280 1465 1364 praemittuntur
1480 1303 1541 1346 no-

503 1367 603 1448 mina,
617 1365 836 1432 ascribendam
857 1366 1024 1451 epistolam
1046 1388 1116 1430 csse
1135 1378 1262 1442 censet;
1287 1387 1350 1452 qua
1363 1366 1493 1452 quidem
1508 1368 1542 1438 in

470 1531 473 1536 Ι
503 1475 540 1518 re
556 1474 610 1517 me
624 1453 685 1517 sibi
700 1450 950 1517 consentientem
965 1451 1073 1515 habet.
1119 1450 1206 1515 Cum
1224 1471 1307 1529 vero,
1321 1451 1468 1518 institute
1480 1454 1540 1518 ad·

503 1560 613 1603 versus
632 1542 680 1617 τὴν
701 1537 869 1623 γνησιότητα
890 1536 1003 1601 harum
1026 1536 1188 1601 literarum
1211 1535 1437 1622 disputatione,
1460 1538 1543 1606 intes

503 1624 567 1690 alia
587 1640 778 1710 argumenta
798 1622 993 1688 extrinsecus
1038 1622 1127 1700 etita,
1151 1643 1288 1708 quaeque
1308 1621 1388 1686 mihi
1410 1623 1542 1709 quidem

503 1710 572 1775 cito
597 1732 635 1774 ac
659 1708 752 1773 facile
774 1707 926 1772 diluenda
946 1643 1228 1785 videbantur,·hoc
1250 1708 1282 1770 in
1306 1707 1473 1794 epistolam
1495 1711 1543 1776 vir

504 1793 592 1860 idem
605 1794 811 1860 doctissimus
826 1794 1022 1880 opposuerit,
1037 1793 1166 1879 privatis
1186 1814 1251 1857 non
1268 1792 1365 1858 licere
1385 1793 1544 1883 episcopis

504 1880 601 1948 editae
623 1879 830 1945 confessionis
853 1878 1122 1963 subscriptionem
1140 1891 1197 1943 aut
1218 1880 1457 1965 responsionem
1472 1883 1544 1946 An·

504 1965 659 2031 tiocb'eno
673 1967 830 2052 imperare
850 1963 979 2051 praesuli
992 1989 1001 2042 ;
1024 1963 1100 2028 huic
1114 1986 1244 2051 quoque
1258 1982 1450 2050 argumento
1465 1968 1543 2038 satis

504 2051 573 2117 lieri
588 2073 682 2138 posse
696 2073 768 2115 mea
785 2065 835 2115 est
856 2050 1021 2114 sententia.
1066 2050 1178 2115 Quum
1194 2050 1293 2129 enim,
1308 2064 1389 2114 teste
1403 2053 1544 2118 Eusebio

504 2159 603 2223 supra
622 2137 731 2216 allato,
751 2137 853 2201 multa
874 2134 985 2199 habita
1002 2134 1121 2199 fuerint
1142 2135 1175 2198 in
1196 2135 1257 2198 hac
1280 2158 1378 2199 causa
1396 2138 1544 2220 concilia,

503 2222 802 2321 disputationesque
830 2234 864 2285 et
889 2219 1082 2326 quaestiones
1109 2220 1142 2283 in
1169 2242 1367 2306 unoquoque
1392 2243 1544 2290 consessu

503 2309 687 2395 frequenter
707 2321 850 2392 agitatae,
865 2305 948 2371 hano
969 2327 987 2369 e
1012 2303 1138 2369 istolam
1160 2304 1264 2370 amice
1286 2327 1351 2370 non
1371 2306 1544 2394 imperiose

505 2395 659 2480 scriptam
688 2408 763 2479 post
789 2392 830 2457 sli
853 2391 918 2456 uod
946 2327 1145 2477 coloquium
1174 2390 1305 2455 missam
1334 2392 1432 2456 fuisse
1458 2394 1544 2481 dico,

505 2478 673 2567 aliquanto
688 2492 763 2543 ante
783 2414 873 2542 parili
887 2476 1131 2564 depositionem,
1146 2488 1180 2539 et
1199 2490 1372 2562 antequam
1394 2480 1545 2567 versipel-

504 2564 547 2631 lis
569 2564 709 2630 hominis
730 2564 850 2628 occulti
871 2584 981 2628 sensus
1003 2561 1195 2647 fraudesque
1219 2585 1239 2625 a
1264 2562 1464 2645 Malchicne,
1487 2569 1544 2653 qui

504 2650 596 2715 solus
612 2649 645 2714 id
660 2649 777 2736 potuit,
792 2648 911 2713 detecti
924 2662 1039 2712 essent.
1082 2648 1301 2713 Veruntamen
1321 2648 1355 2712 in
1372 2649 1478 2731 titulo,
1494 2658 1544 2718 ὑπὸ

505 2744 561 2801 τῶν
584 2736 730 2821 ustura
755 2733 920 2812 ἐπισκόπων,
941 2746 1021 2811 tota,
1043 2732 1158 2812 fateor,
1181 2733 1325 2820 synodus
1349 2733 1545 2823 designatur,

506 2820 565 2891 sed
579 2821 620 2887 de
634 2821 697 2888 hoc
711 2819 832 2886 interea
847 2818 958 2884 viderit
970 2818 1084 2884 indicis
1098 2832 1223 2885 auctor.

501 2956 507 2971 .
552 2909 652 2972 Porro
666 2909 693 2972 si
706 2907 778 2994 quis
791 2919 923 2995 propter
938 2904 1051 2970 harum
1067 2905 1231 2970 literarum
1247 2907 1500 2988 conclusionem,
1512 2910 1546 2980 in

506 3015 573 3080 qun
592 2994 634 3058 de
653 2993 772 3057 unione
793 3005 978 3059 naturarum
1001 2990 1124 3056 Christi
1144 2991 1264 3077 agitur,
1286 2994 1415 3058 easdem
1436 2997 1546 3082 potius

506 3092 622 3144 contra
641 3076 854 3144 Nestorianos
875 3076 1072 3162 conscriptas
1096 3076 1194 3141 fuisse
1217 3077 1409 3164 suspicetur,
1432 3084 1546 3146 memi-

508 3163 595 3231 nisse
618 3187 692 3229 eum
717 3163 892 3249 oportebit,
917 3161 1051 3226 Paulum
1075 3183 1205 3310 (plusque
1233 3163 1478 3230 samosatenum
1504 3167 1546 3237 sd

508 3271 657 3315 normam
672 3249 802 3315 haercsis
818 3271 885 3312 suae
901 3248 1010 3311 Deum
1026 3247 1067 3326 ab
1107 3247 1214 3315 onsine
1226 3245 1358 3313 Christo
1373 3270 1546 3335 separasse.

507 3337 598 3401 Nsm
613 3349 651 3401 ut
667 3335 731 3413 illa,
747 3357 820 3419 quae
835 3335 868 3399 in
885 3331 1081 3397 Malchionis
1100 3346 1134 3396 et
1155 3331 1245 3397 Pauli
1259 3332 1458 3420 Fragmentis
1470 3351 1548 3422 post

508 3434 698 3508 sequuntur,
712 3433 848 3497 taceam,
862 3419 903 3483 ad
923 3418 995 3482 haec
1014 3417 1158 3504 epistolae
1172 3417 1269 3482 verba
1285 3417 1473 3485 illustranda
1487 3444 1546 3508 ap.

507 3507 613 3590 prime
642 3506 719 3570 facit
745 3505 910 3590 Eph'raemi
936 3502 1132 3567 Antiocheni
1159 3502 1249 3567 locus
1279 3504 1365 3590 apud
1395 3505 1545 3573 Photium

511 3591 587 3657 Cod.
605 3610 762 3657 ccxxtx.
785 3589 878 3655 Εἰπὼν
899 3587 1046 3672 μέντοιγε
1065 3594 1079 3651 ὁ
1099 3589 1259 3664 πολύαθλος
1276 3588 1447 3667 Ἀθανᾶσιος
1466 3594 1546 3676 φύσιν

507 3676 577 3759 μίαν
591 3681 628 3740 τῦ
645 3681 709 3741 os&
730 3675 805 3762 λόγν
824 3672 1046 3762 σνναρκωμένην·
1071 3675 1108 3737 ἐκ
1124 3680 1160 3750 εἰς
1175 3673 1314 3762 ἀναίρεσιν
1329 3675 1376 3755 ἔφη
1391 3683 1428 3739 τὲ
1442 3680 1545 3766 ysopi-

508 3767 597 3847 ζιθρν
609 3765 658 3841 τὴν
672 3764 800 3847 διαφορὰν
810 3768 867 3824 τῶν
880 3758 997 3843 φύσεων,
1011 3758 1043 3823 αἳ
1058 3763 1106 3839 τὴν
1119 3761 1185 3824 καθ’
1200 3761 1335 3835 ὑπόςασνν
1347 3761 1466 3849 &stipes
1478 3762 1545 3828 bu·

507 3866 565 3928 σιν,
581 3850 662 3911 ἀλλὰ
681 3849 704 3932 ’b
724 3848 806 3921 αὐτὸς
819 3846 903 3924 δεῖξαι
915 3845 1090 3928 βουλόμενος,
1103 3849 1139 3921 ὡς
1153 3845 1189 3921 εἷς
1203 3848 1259 3920 ἐςνν
1272 3848 1326 3922 υἱὸς
1339 3850 1548 3934 occupassit&

519 3933 528 3955 ⁸
542 3934 765 4017 lsasbp'msiosr·
782 3933 805 4019 ’i
813 3931 927 4015 plum
937 3933 1005 3994 salsi
1015 3931 1124 3994 Παῦλν
1135 3930 1327 4011 §sperarius
1337 3933 1545 4018 ἀγωνιζόμενος·

504 3959 536 4095 ἒς
551 4017 639 4083 ἄλλον
651 4019 702 4100 μὲν
714 4020 761 4083 τὸν
775 4015 834 4105 arpi
847 4016 949 4081 ulciscis
970 4019 1035 4096 uiis,
1053 4015 1140 4100 ἕτερον
1161 4017 1189 4079 ii
1207 4019 1253 4080 ris
1271 4019 1311 4080 ἐπ’
1326 4019 1439 4102 ὂχάτννν
1453 4039 1546 4108 pesso-

506 4100 622 4178 ὅλαὲὅνς
635 4102 812 4189 ἐδνγμάτνζε.
827 4123 859 4187 p.
870 4115 938 4166 ⁸12.
960 4101 1012 4165 Ita
1026 4113 1059 4164 et
1073 4094 1220 4173 Cedreno
1233 4100 1321 4166 Hist.
1333 4104 1499 4190 Compend.
1513 4129 1547 4195 p.

508 4195 582 4257 260.
596 4189 649 4254 ed.
667 4188 764 4254 Paris.
787 4209 820 4274 p.
834 4200 903 4251 214.
917 4185 969 4251 ed.
985 4185 1156 4274 Xylandri,
1177 4185 1267 4253 Pauli
1286 4189 1453 4274 opiniones
1472 4209 1550 4260 sunt

507 4275 664 4363 aivpsiroi
678 4272 742 4358 osu}
753 4282 802 4337 τοῦ
815 4273 882 4355 μίαν
897 4272 976 4354 φύσιν
990 4273 1039 4335 καὶ
1052 4274 1104 4346 τὰς
1117 4272 1162 4336 δύο
1175 4279 1268 4350 κακῶς
1283 4276 1330 4337 καὶ
1345 4276 1491 4359 δυσφήμους
1504 4283 1547 4343 lui

508 4363 608 4470 strqi
627 4361 765 4470 alpertus,
780 4359 844 4425 hoe
859 4370 920 4439 est,
933 4370 971 4424 ut
987 4370 1063 4444 post
1078 4355 1231 4443 liquidius
1252 4357 1412 4439 scribitur,
1426 4368 1463 4424 τῦ
1479 4362 1549 4444 μίαν

507 4446 626 4533 φνσνννξ1
640 4447 685 4509 δυο
699 4445 791 4526 φύσας
805 4448 832 4507 ἐν
847 4447 943 4531 Χςιςῷ
956 4446 994 4526 μὴ
1009 4444 1086 4507 κατὰ
1097 4444 1171 4507 risi
1187 4444 1235 4507 etv
1249 4443 1334 4528 λόγον
1348 4448 1548 4529 ὀμολνγεῖθσν.
1560 4506 1578 4533 ,

494 4550 542 4616 p.
548 4538 626 4601 261.
670 4528 833 4597 Memoria
849 4549 980 4615 quoque
1001 4526 1035 4592 id
1057 4541 1152 4592 tenen
1177 4549 1232 4593 um
1251 4540 1311 4608 est,
1332 4530 1451 4615 quanta
1469 4555 1545 4599 cum

498 4615 639 4704 dspsdss'a
651 4615 709 4681 diu
729 4629 804 4682 ante
825 4628 931 4700 patres
951 4613 1010 4679 hos
1025 4612 1246 4692 Antiochenos
1260 4613 1301 4678 de
1315 4613 1376 4678 hac
1395 4636 1430 4679 re
1447 4619 1548 4706 scrip,

506 4701 602 4770 sisset
614 4681 845 4803 Tertulliautu,
856 4714 976 4786 etpost
990 4696 1084 4767 illum
1098 4697 1298 4765 Novatianus
1312 4698 1442 4787 aliique.
1543 4768 1547 4779 ,
