4092 5675
499 783 564 852 512
835 765 1195 842 ANNOTATIONES

501 936 579 1001 tlum
596 936 691 1017 foret,
707 937 771 1016 φησὶ
785 936 995 1002 robor—adria
1008 942 1096 1025 τηρεῖν
1113 964 1141 1001 κ.
1152 964 1180 1002 τ.
1194 952 1223 1002 λ.
1244 935 1291 1001 vel
1316 936 1535 1024 reponendum

500 1026 588 1109 τηρεῖν
603 1026 665 1085 δεῖν.
708 1024 822 1087 Latina
836 1024 1056 1111 interpretatio
1074 1037 1133 1102 est,
1149 1024 1209 1088 Ait
1222 1023 1322 1111 igitur
1337 1023 1371 1087 in
1386 1047 1535 1089 commen·

502 1108 604 1185 iuriis,
615 1108 653 1172 de
662 1109 762 1173 Paulo
778 1108 957 1195 loquuntur,
970 1132 1091 1174 encore
1105 1110 1312 1197 dignitatem
1331 1109 1464 1174 additur
1479 1133 1536 1176 vox

501 1194 665 1277 sapientire
675 1195 760 1280 apud
773 1194 938 1259 Canisium
950 1210 1030 1259 tom.
1040 1196 1079 1259 iv.
1089 1195 1202 1283 Antiq.
1214 1197 1315 1260 Leett.
1329 1196 1377 1258 vel
1390 1196 1536 1260 Tbesonr.

500 1290 581 1343 tom.
597 1281 623 1342 l.
644 1280 699 1343 ubi
720 1282 848 1345 Leontii
868 1303 949 1366 opus
972 1281 1086 1345 Latine
1103 1296 1201 1346 extat.
1238 1281 1392 1346 Baluzius
1413 1304 1488 1346 vero
1506 1283 1537 1346 in

500 1364 580 1430 Non.
599 1364 726 1430 Collect.
744 1366 860 1430 Concil.
877 1367 939 1430 hoc
954 1368 1172 1452 fragmentum
1189 1367 1308 1431 omisit.

544 1453 578 1515 Ρ.
590 1465 659 1516 484.
675 1452 696 1516 l.
708 1469 738 1515 5.
766 1454 876 1537 συνῆς-ο]
895 1452 1159 1516 Subaudiendum
1174 1467 1224 1517 est
1238 1460 1252 1530 ἡ
1267 1452 1364 1531 σοφία,
1383 1466 1423 1517 ut
1437 1475 1475 1517 ex
1503 1453 1536 1529 ἦ·

487 1563 542 1601 ’σει
562 1538 671 1602 statim
690 1553 763 1624 post
784 1560 817 1601 se
842 1552 936 1602 ueute
958 1552 1046 1624 patet
1057 1561 1067 1615 ;
1091 1553 1229 1625 postque
1244 1536 1403 1621 συμέαἰναν
1419 1538 1484 1602 inte
1497 1538 1553 1618 li·¹

544 1622 643 1688 ndum
659 1638 707 1688 est
722 1561 841 1710 aliquid
862 1624 1060 1711 hujusmodi,
1080 1625 1145 1708 φησὶ
1166 1630 1178 1687 ὁ
1198 1630 1325 1698 Παῦλος.
1371 1626 1451 1687 Hoc
1464 1646 1537 1687 vero

499 1645 566 1773 diri
586 1731 681 1794 posse
701 1712 840 1796 negabat
863 1711 989 1786 Paulus,
1005 1723 1041 1773 ut
1054 1710 1209 1795 sapientia
1228 1710 1352 1773 homini
1366 1709 1537 1773 substanti·

501 1794 605 1872 aliter,
620 1796 667 1858 rel
684 1795 776 1859 aliter
794 1809 891 1881 atque
910 1796 1121 1883 contingenter
1135 1809 1285 1882 tanquam
1301 1795 1452 1881 qualitas,
1466 1795 1537 1859 unia

500 1893 599 1944 retur.
637 1881 695 1943 Ait
715 1882 756 1943 cl.
778 1881 920 1959 Ehrlich,
943 1903 1054 1944 vocem
1078 1882 1197 1954 σόςασιν
1218 1881 1324 1944 minus
1347 1894 1437 1944 recte
1456 1882 1538 1945 Tur·

499 1966 623 2030 rianum
649 1981 780 2044 vertere,
798 1966 1036 2053 formationem,
1062 1967 1219 2053 siquidem
1247 1966 1310 2030 ista
1336 1967 1448 2052 potius
1474 1965 1536 2029 ini·

501 2052 579 2115 tium
595 2062 692 2131 ortae,
709 2074 766 2116 seu
780 2053 1012 2139 conceptionem,
1030 2052 1173 2117 denotet.
1195 2075 1228 2139 p.
1241 2066 1290 2115 23.
1306 2052 1444 2117 Dissert.
1461 2075 1534 2115 suae.

544 2137 627 2201 Ibid.
644 2138 667 2201 l.
685 2152 731 2202 13.
754 2139 900 2224 ἂξιέντων]
926 2141 1052 2203 Locum
1067 2140 1112 2202 ita
1127 2139 1240 2203 Latine
1255 2137 1396 2202 reddidit
1410 2138 1536 2203 Turria-

501 2246 572 2303 nus,
587 2224 678 2310 quasi
693 2237 799 2309 patres
814 2247 903 2288 suam
919 2225 1063 2309 ipsorum
1078 2224 1274 2310 opinionem,
1286 2246 1351 2287 non
1366 2223 1457 2287 Pauli
1473 2229 1537 2304 ὁμο·

500 2311 581 2387 δόξων
603 2331 740 2373 errorem
764 2311 978 2395 exposuerint.
1022 2313 1101 2373 Mea
1114 2331 1188 2374 vero
1209 2309 1367 2374 sententia
1389 2331 1440 2373 res
1462 2331 1536 2372 con-

500 2395 595 2459 trarie
611 2394 769 2473 sehabet,
785 2396 872 2482 quod
894 2411 926 2460 et
948 2395 1045 2482 hujus
1064 2395 1128 2459 loci
1148 2395 1358 2472 constructiO,
1374 2408 1408 2459 et
1423 2403 1439 2473 ἡ
1453 2400 1536 2479 ῥῆσις,

501 2503 574 2567 quae
589 2481 733 2567 proxime
748 2499 822 2568 post
837 2482 993 2568 sequitur,
1008 2481 1194 2545 ostendunt.
1239 2480 1396 2544 Haeretici
1418 2480 1538 2544 scilicet

501 2567 696 2646 asserebant,
714 2569 844 2632 verbum
864 2591 919 2631 seu
940 2567 1096 2631 rationem
1110 2566 1261 2631 Divinam
1280 2566 1312 2628 in
1330 2564 1475 2639 Christo,
1491 2570 1538 2627 οὐκ

502 2655 622 2727 aoraton
638 2657 716 2715 ἀλλὰ
730 2657 806 2716 κατὰ
820 2653 959 2731 ποιότητα
974 2652 1174 2730 existentem,
1189 2651 1305 2716 rationi
1319 2652 1352 2714 in
1368 2652 1462 2715 nobis
1479 2652 1538 2715 hu·

500 2760 603 2802 manae
632 2738 790 2824 o'orlepopor
813 2760 892 2803 esse.
937 2737 999 2803 Sed
1021 2738 1131 2802 locum
1154 2738 1195 2802 de
1216 2736 1361 2801 ecclesiae
1386 2737 1540 2823 dogmate

501 2823 650 2910 exposuit
665 2825 751 2887 Heu.
766 2824 924 2902 Canisius,
939 2846 1004 2924 quo
1021 2825 1186 2889 confertur
1199 2823 1305 2888 unitas
1320 2846 1466 2910 personae
1481 2823 1539 2887 ho·

500 2908 596 2972 minis
622 2909 786 2972 exterioris
812 2925 845 2974 et
871 2911 1030 2973 interioris
1057 2932 1130 2974 cum
1158 2910 1281 2975 unitate
1304 2931 1452 2996 personae
1477 2909 1539 2973 Dei

499 2993 599 3058 Verbi
615 3007 648 3056 et
664 2992 882 3059 humanitatis.

545 3079 731 3143 Ibid.l.15.
754 3079 816 3157 ἢτὸ
833 3081 979 3164 troarnen]
1000 3083 1101 3145 Ponas
1127 3081 1196 3144 haec
1220 3081 1316 3145 verba
1340 3079 1480 3165 pendere
1502 3101 1540 3144 ex

499 3163 575 3243 illis,
590 3165 621 3228 τί
633 3166 660 3227 δὲ
675 3166 794 3245 βόλεται
811 3167 870 3231 bec.
889 3180 957 3231 tum
975 3166 1243 3246 additamentum,
1258 3195 1280 3253 q
1295 3171 1359 3248 μεθ’
1375 3166 1468 3254 trega,
1484 3168 1539 3230 ab·

500 3272 569 3315 esse
584 3251 724 3316 deberet.
768 3253 827 3316 Ait
840 3252 881 3315 cl.
897 3253 1040 3329 Ehrlieh‚
1055 3252 1109 3316 ubi
1127 3275 1234 3337 supra,
1251 3254 1373 3320 “Ante
1395 3255 1428 3314 τὸ
1450 3274 1540 3337 repe·

501 3345 524 3376 “
539 3351 586 3401 tas
601 3338 630 3400 τί
643 3337 805 3418 βούλεταβ
842 3338 1003 3402 Caeterum
1028 3339 1159 3424 legebat
1176 3338 1209 3401 in
1228 3338 1341 3402 codice
1363 3361 1423 3402 suo
1444 3338 1540 3402 inter·

500 3440 572 3510 pres
587 3429 609 3486 εἰ
625 3446 690 3487 non
705 3423 732 3501 ἢ,
746 3423 800 3487 sed
817 3446 992 3510 perperam.

548 3511 664 3573 Ρ.485.
681 3509 703 3572 l.
719 3524 748 3574 8.
773 3509 834 3571 Kon‘
855 3537 896 3573 ror
920 3511 1012 3594 φησὶν]
1039 3509 1092 3573 Sic
1112 3509 1188 3574 MS.
1207 3508 1300 3573 Bodl.
1338 3507 1403 3573 Sed
1426 3510 1540 3574 Latina

502 3595 616 3680 interp.
634 3595 741 3673 habet,
756 3595 874 3672 dicunt,
896 3596 983 3680 quod
1001 3596 1135 3659 fortasse
1160 3595 1287 3673 melius,
1304 3610 1341 3658 ut
1364 3595 1453 3658 Pauli
1472 3617 1540 3659 scc-

502 3694 632 3760 tatores,
648 3680 921 3766 quemadmodum
945 3681 975 3745 in
997 3680 1226 3766 superioribus,
1243 3681 1484 3765 intelligantur3
1509 3680 1540 3745 id

502 3767 657 3830 suadente
678 3767 773 3829 verbo
796 3766 950 3846 opleorroq,
968 3767 1024 3830 ubi
1044 3783 1152 3831 tamen
1172 3769 1220 3830 υἱοὶ
1242 3789 1301 3852 pro
1323 3769 1392 3840 υἱοὺς
1414 3789 1541 3852 ponen-

502 3852 579 3916 dum
610 3852 732 3916 mavult
755 3851 795 3914 cl.
820 3851 964 3930 Ehrlich,
992 3851 1048 3916 sed
1076 3854 1143 3916 sine
1165 3853 1253 3939 justa
1283 3875 1388 3927 causa,
1415 3853 1542 3938 opinor.

501 3938 561 4002 Ait
575 3960 661 4014 vero,
677 3939 755 4018 φησὶν
770 3961 803 4000 se
818 3939 965 4023 probare,
980 3939 1056 4024 quia
1070 3939 1223 4024 episcopi,
1240 3952 1277 4002 ut
1291 3961 1330 4000 ex
1345 3937 1438 4002 initio
1454 3939 1543 4024 frag·

502 4025 601 4086 menti
616 4023 727 4108 liquet,
743 4023 847 4087 solum
866 4022 1024 4088 Pauluml
1073 4037 1201 4088 uentem
1216 4024 1348 4087 faciunt.

547 4109 630 4171 Ibid.
646 4109 667 4171 l.
680 4128 715 4186 9.
737 4110 791 4182 ott,
816 4111 842 4170 δὲ
865 4108 910 4186 κα)
933 4117 948 4186 ἡ
973 4109 1057 4191 copia
1095 4111 1142 4173 At
1163 4111 1275 4187 rariuS,
1299 4109 1425 4194 opinor,
1449 4110 1544 4197 Sapi-

503 4193 621 4257 entiam
639 4216 695 4257 seu
709 4195 855 4258 Verbum
875 4195 939 4258 Dei
961 4196 1090 4259 nomine
1111 4196 1182 4259 Filii
1202 4195 1266 4259 Dei
1281 4196 1441 4281 appellare
1457 4198 1543 4259 Pau·

502 4279 578 4343 liani
593 4277 736 4342 h‘aeretici
751 4296 993 4345 consueverunt.
1022 4282 1118 4345 Certe
1135 4281 1323 4344 photiniana
1335 4281 1475 4365 gemella
1489 4282 1545 4346 illa

504 4365 633 4429 haeresis
656 4365 742 4451 prius
765 4366 906 4429 extitisse
920 4368 1077 4444 Verbum,
1092 4368 1132 4429 de
1153 4366 1233 4430 Filio
1252 4365 1314 4429 hoc
1329 4380 1463 4451 negato,
1476 4381 1544 4431 sta·

503 4451 631 4537 ruebat.
659 4449 744 4516 Vide
757 4449 973 4537 Epiphaniam
999 4452 1090 4516 Hoer.
1112 4452 1187 4516 lxxi.
1209 4476 1239 4515 n.
1256 4467 1286 4514 2.
1303 4466 1336 4516 et
1350 4467 1381 4516 t.
1428 4454 1547 4538 ltaque

504 4537 656 4600 damnare
686 4537 889 4602 anathemate
918 4560 952 4601 se
979 4539 1069 4602 aiunt
1095 4539 1260 4625 Aneyrani
1295 4539 1543 4603 Samosatenum

505 4622 650 4699 Paulum,
665 4622 808 4709 aliosque
829 4623 1013 4686 consimiles
1033 4622 1211 4702 haereticos,
1231 4623 1271 4686 ὅτι
1291 4627 1329 4706 μὴ
1350 4631 1475 4709 φρονοῦσι
1496 4627 1547 4687 τὸν

502 4707 556 4771 vlir
567 4713 607 4773 ri
621 4712 689 4772 (deri
700 4709 781 4772 ardrie
795 4708 861 4788 droa
874 4710 921 4774 rie
935 4708 1039 4793 Λόγον.
1055 4711 1134 4772 ἀλλὰ
1151 4708 1297 4792 lralpoorrr
1310 4709 1435 4796 ἀλόγως,
1449 4711 1471 4797 ’l
1486 4715 1547 4797 dg«
