4092 5675
724 801 780 870 m
799 791 1023 868 AFRICANI
1047 785 1302 868 eunomus.
1468 799 1537 894 ιιι·

506 976 526 1014 “
536 971 679 1040 Africani
695 972 881 1060 παραφρᾶζενι
895 983 1008 1037 auctor
1021 972 1219 1061 perhibetur,
1235 987 1272 1040 ut
1285 996 1362 1041 mox
1373 974 1531 1063 patebit.''

502 1058 547 1126 Itu
557 1059 632 1138 ilte;
655 1060 712 1125 sed
720 1061 847 1148 judicet
863 1059 973 1123 lector.

536 1145 572 1210 P.
589 1157 658 1210 154.
673 1147 696 1210 1.
711 1160 758 1211 1³.
781 1151 808 1209 ἐν
825 1148 887 1219 ταῖς
903 1144 1022 1229 ωανηγῦ
1039 1145 1095 1229 eor]
1115 1145 1334 1234 Hieronymus
1352 1147 1528 1214 Commen-

494 1230 575 1298 tuio
596 1231 631 1297 iu
651 1251 721 1317 cup.
737 1232 779 1295 xi.
800 1229 983 1295 Zachariae:
1016 1171 1134 1295 bisce
1161 1252 1321 1297 ennean
1350 1253 1527 1300 occrsro-

492 1335 581 1384 triu:
613 1317 775 1382 Hoc-est:
805 1316 898 1379 Nemo
923 1315 1048 1379 interim
1072 1316 1241 1396 nutriatur,
1267 1329 1297 1382 et
1324 1332 1448 1392 crescat,
1472 1319 1528 1418 qui

488 1413 596 1488 postea
610 1403 650 1469 ab
664 1401 801 1468 hostibus
814 1401 991 1465 occidendus
1005 1412 1050 1465 est
1063 1426 1074 1465 .·
1090 1424 1168 1488 quas
1183 1426 1251 1466 oves
1265 1415 1295 1468 et
1308 1421 1416 1489 pecora
1430 1409 1525 1471 Prrn·

487 1487 571 1574 ripes
584 1488 803 1565 Romanorum,
817 1486 872 1574 qui
883 1487 1078 1571 possidebant
1091 1509 1126 1551 ea
1140 1497 1170 1551 et
1186 1488 1358 1563 obtinebant
1369 1493 1445 1576 jure
1461 1493 1524 1557 uic-

486 1574 594 1655 rortoe,
606 1573 841 1660 interficiebant,
851 1584 881 1636 et
895 1594 955 1636 non
968 1572 1211 1637 miserabantur:
1235 1575 1297 1638 sive
1313 1576 1525 1660 immolabant,

485 1663 602 1724 et'non
622 1659 794 1725 sentiebant
816 1658 960 1721 dolorem.
1003 1660 1043 1722 Id
1064 1669 1133 1722 est:
1156 1659 1238 1723 nibil
1258 1661 1336 1724 mali
1354 1677 1410 1746 pro
1434 1675 1524 1728 tantu

484 1743 675 1810 nudetitare
684 1744 895 1831 patiebantur.
931 1745 978 1807 Et
993 1743 1162 1808 vendebant
1178 1768 1224 1822 ea,
1240 1769 1312 1833 quoe
1326 1771 1385 1811 non
1398 1760 1525 1833 propter

484 1827 695 1910 clementiam,
721 1830 775 1894 sed
798 1841 925 1914 propter
947 1830 1086 1914 precium
1111 1831 1317 1899 reservabant.
1367 1833 1524 1920 Legamus

483 1925 603 1981 ueteres
630 1915 775 1982 historias
803 1925 833 1979 et
863 1914 1045 1980 traditiones
1074 1914 1290 2002 plangentium
1315 1919 1522 1984 Jndoeornm:

484 2001 570 2088 quod
585 2001 620 2066 in
636 1999 843 2067 Tabernaculo
856 1999 1006 2077 Abrabae,
1020 2000 1073 2065 nbi
1094 2024 1175 2065 nnnc
1217 2025 1250 2066 er
1271 2026 1366 2068 annos
1384 2004 1523 2094 singulos

482 2097 641 2153 macutus
658 2086 870 2152 celeberrimus
890 2099 1058 2166 exercetur,
1073 2099 1142 2172 post
1163 2017 1308 2153 eriiimam
1329 2091 1523 2171 eversionem,

483 2193 582 2260 quam
606 2171 820 2239 sustinuerunt
845 2172 883 2236 ab
909 2173 1084 2248 Hadriano,
1112 2171 1213 2236 multa
1237 2173 1393 2238 bominum
1418 2175 1502 2238 milli

483 2259 664 2324 mndata
678 2271 769 2337 sunt3
791 2268 821 2323 et
839 2280 913 2345 quse
932 2259 1022 2321 vendi
1044 2280 1102 2321 non
1121 2271 1300 2341 potuerunt,
1317 2259 1473 2325 translata
1489 2260 1540 2325 in'

481 2343 690 2436 AEgyptum:
715 2355 824 2408 ettam
840 2342 956 2430 naufra
981 2342 1160 2428 ioetfame,
1177 2366 1271 2430 qnam
1282 2344 1424 2431 gentium
1439 2346 1524 2411 ccede

483 2438 644 2495 truncata.
683 2431 766 2494 Haee
780 2429 854 2494 ille:
879 2430 934 2493 ubi
951 2365 1191 2493 internecatum
1207 2429 1348 2494 Abrabae
1363 2445 1411 2494 est
1425 2431 1540 2512 Tere?
1591 2495 1593 2500 .

481 2514 620 2582 binubos
635 2513 692 2579 illa
707 2514 924 2595 celeberrima,
939 2526 972 2579 et
991 2525 1155 2594 mercatus,
1172 2517 1328 2602 πανήγυρις
1347 2517 1522 2601 Ἀδριάνειος.
1537 2539 1539 2544 ·

482 2599 752 2666 Astemaculo
766 2600 907 2665 Abrahae
929 2600 1056 2665 Mansio
1075 2600 1161 2665 dicta
1179 2616 1229 2666 est
1244 2601 1286 2666 ad
1305 2602 1522 2668 Terebintbum

482 2684 517 2752 iu
532 2685 654 2751 itinere
667 2686 908 2772 Burdegalensi.
932 2685 1252 2774 Pseudohegesippus
1266 2687 1322 2752 lib,
1335 2688 1375 2753 iv.
1390 2710 1460 2774 cap.
1471 2689 1521 2754 23'.
1538 2711 1540 2716 ·

482 2769 688 2839 Terettnrtos
702 2771 769 2838 iliis
787 2795 904 2861 magna
918 2772 1010 2837 arbor
1024 2794 1044 2838 a
1058 2773 1274 2838 constitutione
1292 2773 1400 2838 mundi
1415 2774 1523 2860 fuisse

481 2868 688 2938 νεεειιεταιιιτ,
703 2882 784 2923 nune
799 2870 902 2923 tamen
918 2869 1023 2923 utrum
1038 2870 1175 2939 maneat,
1191 2859 1341 2924 incertum
1363 2860 1448 2924 nobis
1463 2872 1521 2928 est.

481 2942 570 3095 guez
583 2944 708 3047 quidem
722 2942 943 3010 terebinthusu
960 2944 1146 3010 Christianis
1161 2968 1266 3011 sumno
1287 2945 1319 3011 in
1337 2947 1424 3010 cultu
1434 2946 1521 3034 fnit.
1585 3001 1587 3014 ,

480 3096 484 3101 ,
506 3026 644 3095 'uuebtuu
658 3054 678 3095 ε·
690 3028 752 3095 ὅθεν
771 3029 854 3094 εἰσέτι
875 3039 919 3095 νῦν
935 3035 1019 3117 παρὰ
1035 3038 1091 3105 τοῖς
1106 3031 1327 3119 πλησιοχώροις,
1342 3035 1377 3107 ὥς
1391 3032 1423 3096 ἂν
1437 3037 1521 3114 θεῖος,
1587 3085 1589 3087 ,

480 3114 592 3191 ledros
605 3120 642 3190 εἰς
655 3120 736 3199 τιμὴν
750 3125 804 3180 τῶν
818 3117 915 3180 αὐτόθι
929 3123 970 3203 τῷ
988 3115 1122 3203 Ἀἔρανὶμ
1137 3117 1313 3197 ἐπιφανέντων
1326 3118 1519 3205 ipsissimum,
1603 3179 1609 3199 ,

480 3200 531 3263 rud
551 3205 696 3289 θεωρεῖται
714 3228 750 3288 γε
770 3206 806 3277 εἷς
828 3204 901 3288 δεῦρο
919 3202 1112 3284 ὃιαμένουσαὴ
1127 3200 1297 3287 Τερὲἔινθος,
1312 3203 1340 3265 oi
1356 3229 1387 3265 τε
1407 3207 1446 3288 τῷ
1464 3205 1518 3266 ’A-

480 3282 581 3371 ὅραιὶμ
599 3288 799 3365 ὄτιξειωθίντες
821 3289 863 3350 ἐπὶ
882 3293 990 3374 γραφῆς
1010 3286 1192 3367 ἀνακείμενοι,
1209 3287 1252 3349 δύο
1269 3289 1320 3368 μὲν
1336 3287 1518 3374 ἑκατέρωθεν,

480 3369 568 3453 μίσος
591 3372 620 3436 δὲ
644 3377 658 3437 ὁ
682 3373 801 3459 upsitiarr
825 3373 964 3460 ὑπερέχων
984 3378 1018 3458 τῇ
1043 3377 1121 3457 τιμῇ.
1151 3371 1206 3435 lib.
1231 3396 1258 3435 v.
1281 3375 1418 3451 ’Annum
1449 3386 1517 3448 147.

480 3456 640 3523 Scene.
664 3458 833 3522 Animadv.
847 3458 879 3522 in
896 3459 1006 3522 Cbron.
1019 3455 1158 3534 Eunbii,
1170 3456 1210 3520 ad
1223 3479 1275 3520 an.
1288 3478 1517 3522 Mucxxxw.

480 3561 559 3629 pag.
570 3556 641 3621 209.
656 3544 759 3630 quiin
774 3544 1036 3608 antecedentibus
1050 3541 1137 3606 aliud
1155 3557 1308 3628 praeterea
1324 3543 1519 3631 Hieronymi

480 3626 705 3711 testimonium
727 3629 791 3694 huc
812 3630 972 3715 pertinens
991 3651 1031 3694 ex
1046 3630 1214 3693 Comment.
1231 3629 1263 3692 in
1279 3629 1362 3692 xxxi.
1376 3650 1447 3714 cap.
1462 3630 1519 3694 Je-

480 3710 592 3777 remite
611 3712 797 3792 adduxerat,
813 3728 846 3779 et
863 3714 1005 3779 Chronici
1022 3736 1152 3801 quoque
1166 3712 1328 3779 Paselraiis
1347 3714 1456 3779 locum
1476 3712 1518 3779 ad

480 3797 659 3863 metendum
674 3800 831 3864 Hadriani
847 3802 930 3886 imp.
945 3822 1077 3865 annum.
1294 3867 1296 3873 ,

523 3881 611 3949 lbid.
625 3883 648 3948 Ι.
664 3898 710 3949 14.
733 3885 748 3963 b
764 3888 784 3946 δ’
801 3889 830 3949 ob
845 3887 1008 3950 κατεκαίετο
1026 3887 1102 3970 &c.]
1121 3884 1206 3951 Cum
1222 3883 1341 3950 indicet
1356 3884 1517 3951 Eustathsl

480 3966 573 4035 iocus
586 3968 687 4034 mddo
702 3986 897 4036 memoratus
913 3994 997 4058 saepe
1012 3987 1177 4036 ostensum
1192 3971 1289 4035 fuisse
1305 3971 1368 4034 hoc
1385 3983 1517 4058 porten-

480 4067 565 4131 tum,
577 4052 654 4119 inde
670 4054 705 4119 fit
718 4056 887 4120 verisimile
906 4079 963 4142 per
983 4056 1127 4143 singulas
1145 4056 1294 4143 periodos
1317 4077 1359 4141 pa
1385 4056 1439 4121 ulo
1453 4056 1516 4121 im·
1598 4091 1600 4096 ·

480 4137 586 4289 pzn‘to
598 4138 710 4204 fucum
725 4142 845 4205 factum
862 4142 992 4206 fuisses
1007 4142 1240 4217 nebulonibus;
1265 4156 1339 4227 post
1357 4077 1412 4206 iila
1428 4143 1515 4208 enim
1578 4222 1580 4226 Ι

501 4246 583 4289 ean
609 4226 651 4291 eli
672 4225 788 4291 baculo
807 4228 848 4291 ab
869 4228 1057 4293 Abrahamo
1078 4242 1170 4292 terrae
1191 4227 1387 4314 indumque
1409 4228 1518 4294 attulit

480 4310 587 4399 Synee
611 4333 662 4389 us,
687 4310 758 4376 haee
784 4314 889 4422 pergit
915 4314 1053 4379 scribere
1076 4313 1274 4392 Eustathius,
1299 4314 1346 4375 nai
1374 4316 1405 4392 ἐξ
1433 4319 1536 4407 αὐτῆςΙ
1603 4360 1606 4364 -

480 4392 607 4482 (diffluo)
622 4402 638 4474 b
654 4397 811 4481 ἂξῖαγαςος
824 4424 892 4477 αυτη
908 4398 1005 4479 ἀνεφῦη
1023 4397 1184 4485 sepibus-ios.
1207 4403 1367 4478 ὕπαφθεῖσα
1387 4402 1444 4483 γὰρ
1457 4396 1516 4476 ’ἴλη

480 4488 541 4571 σῦς
554 4482 673 4567 γίνεται.
695 4484 743 4545 uni
763 4483 898 4566 νομίζεται
912 4489 968 4559 τοῖς
982 4490 1076 4547 utro
1089 4489 1125 4558 εἰς
1138 4485 1208 4547 κόνιν
1221 4486 1252 4545 ἐκ
1266 4489 1320 4559 τῆς’
1328 4485 1431 4567 φλογὸς
1446 4486 1516 4544 aira·

480 4566 597 4655 tu‘skap,
618 4566 840 4632 κατατὸεθεῖσα
859 4569 950 4651 μέντοι
973 4573 1066 4648 ἀσινὴς
1088 4568 1137 4647 ὅλη
1158 4570 1205 4632 καὶ
1225 4568 1351 4655 ἀκέραιος
1371 4567 1515 4647 δείκνυται.

480 4654 706 4829 wlgari
723 4658 899 4743 ωιμτρᾶθνν
920 4678 979 4745 pro
998 4659 1150 4744 ωιτρᾶθνν
1163 4666 1343 4735 correxerat
1356 4651 1397 4717 ad
1410 4673 1515 4748 τινες,
1610 4743 1615 4754 ’

606 4760 619 4802 ι
666 4760 773 4805 oarus.

502 4832 612 4893 Ιτοι..
628 4844 674 4890 11.
1010 4846 1032 4893 u
