4092 5675
476 735 481 744 ’
607 775 661 842 nu
680 770 903 839 Arsrcour
925 768 1060 835 susi.
1081 767 1148 834 Au
1170 767 1424 836 omcuusu.
1467 785 1529 857 205

498 945 666 1025 Posterior,
688 944 845 1045 MStique
865 940 958 1006 Bodl.
979 950 1013 1003 et
1036 938 1115 1005 Coll.
1138 937 1226 1003 Trin.
1250 938 1291 1003 ad
1315 962 1404 1006 oram
1422 951 1531 1007 tamen

496 1031 613 1100 cerinis
628 1029 715 1097 Trio.
730 1029 827 1096 lectro
840 1028 939 1093 altera
951 1024 1086 1099 Φιλιςὶων
1101 1030 1114 1088 ὁ
1127 1028 1210 1108 μῖμος
1225 1025 1444 1112 amplectenda
1456 1049 1533 1128 pro·

495 1117 642 1208 ponitur.
685 1116 750 1181 Sed
765 1137 839 1180 vero
853 1137 902 1178 res
917 1112 1008 1177 aliter
1025 1109 1194 1177 statuenda
1206 1110 1286 1175 mihi
1322 1112 1430 1179 uidem
1444 1114 1532 1179 vrde·

497 1217 577 1282 tur3
598 1222 739 1289 nemque
760 1203 917 1350 scriXtura
936 1197 1087 1264 codicum
1108 1195 1273 1282 verbisque
1293 1134 1321 1262 ὃ

1324 1221 1350 1261 n
1374 1220 1442 1263 ems
1502 1224 1534 1265 r·

498 1311 626 1368 suasus,
641 1287 686 1352 nil
700 1301 812 1352 mutan
836 1308 892 1351 um
914 1305 983 1349 esse
1000 1304 1116 1348 censeo
1138 1220 1535 1371 praeterssludgodi,qi1i>d

523 1396 562 1440 ro
575 1377 628 1448 οὐδ’
652 1378 665 1437 l
689 1372 795 1438 minus
816 1373 899 1436 bene
918 1370 1087 1436 suffectum
1102 1381 1162 1434 est.
1205 1366 1306 1453 Apud
1319 1369 1535 1455 Epiphanium

498 1395 614 1539 tubes,
627 1464 719 1523 wira
732 1458 834 1522 oraim
846 1458 888 1521 tot
901 1462 949 1533 τῆς
962 1462 997 1520 ri
1010 1454 1174 1530 Φιλιςίωνος
1186 1452 1356 1538 μιμολογίας
1370 1460 1535 1556 (tanquam

500 1543 699 1612 Philistionis
712 1543 831 1609 Mimos
850 1552 968 1631 egeret,
983 1541 1075 1605 vertit
1091 1542 1209 1623 Petav.)
1231 1543 1244 1602 l
1264 1538 1389 1604 ἀπατεὼν
1409 1542 1535 1623 (Srmou

499 1630 637 1740 Pingue)
653 1634 692 1694 soi
705 1630 754 1739 ὑπὸ
769 1635 817 1693 τοῦ
831 1627 969 1727 denoro'uou
982 1625 1186 1714 εἰρημένα-εἰς
1197 1624 1305 1711 χλεύην
1318 1624 1421 1726 nornis,
1435 1627 1458 1714 'i
1474 1629 1535 1693 iiie

501 1710 1443 1887 reseruemurcrescriscus,
1466 1820 1535 1863 n,

501 1885 649 1954 Africani
666 1886 762 1951 verba
780 1887 919 1950 referens
937 1883 969 1948 in
985 1884 1148 1969 Responso.
1192 1883 1350 1970 Idemque
1363 1905 1429 1948 orae
1487 1882 1538 1950 sn·

501 1969 597 2038 Bodl.
613 1972 647 2037 in
660 1971 797 2058 epistola
810 1969 955 2036 Africani
969 1967 1152 2056 adpositum
1166 1982 1226 2033 est.

544 2057 632 2123 Ibid.
652 2057 726 2142 oroi]
748 2059 824 2122 Hoc
845 2078 885 2120 ex
907 2054 1041 2144 Origene
1061 2068 1094 2120 et
1114 2055 1267 2143 Margine
1287 2052 1423 2141 ejusdem
1443 2053 1538 2120 MSti

501 2142 656 2231 proolre
700 2143 761 2207 sui.

543 2228 630 2293 Ibid.
660 2242 729 2292 .13.
752 2229 779 2291 ἓν
800 2228 828 2291 u
853 2232 887 2304 τῆ
911 2225 1040 2313 ‘sepau
1068 2224 1140 2309 δια]
1168 2224 1389 2310 Hieronymus
1411 2237 1492 2289 tom.
1508 2226 1536 2291 Ι.
1663 2299 1666 2309 Ι

500 2335 594 2380 uovae
607 2312 685 2378 edit.
701 2313 826 2377 Praefot.
848 2292 880 2377 iri
903 2311 1074 2378 Danielem
1095 2332 1170 2396 pag.
1184 2324 1255 2389 990.
1272 2307 1391 2374 Audivi
1404 2332 1471 2397 ego,
1487 2310 1536 2375 in·

501 2397 763 2549 mumdum
773 2398 811 2462 de
820 2396 1063 2484 praeceptoribus
1070 2397 1265 2473 Judaeornm,
1277 2417 1372 2492 quum
1385 2392 1542 2476 Susanna

561 2483 569 2497 '
624 2494 655 2549 et
669 2482 840 2563 historiam,
855 2495 885 2548 et
900 2507 920 2549 a
938 2483 1048 2549 Groeco
1063 2480 1161 2545 nescio
1175 2503 1234 2568 quo
1250 2480 1362 2546 doceret
1383 2503 1446 2545 esse
1467 2503 1539 2546 con·

492 2567 631 2656 fictam:
654 2567 735 2632 illud
757 2584 906 2654 opponere
925 2569 1007 2657 quod
1027 2567 1156 2655 Origeni
1170 2588 1288 2679 guoque
1300 2565 1472 2655 Africanus
1487 2582 1540 2652 op-

501 2653 618 2740 posuit,
629 2652 831 2741 etymologias
846 2654 902 2720 lzas
916 2654 970 2717 o’rrrd
983 2659 1033 2718 τοῦ
1047 2655 1126 2739 χίνου
1141 2677 1235 2741 grone,
1248 2654 1295 2716 nal
1310 2654 1363 2717 ἀπὸ
1377 2659 1426 2716 τοῦ
1440 2651 1540 2738 orplroo

505 2738 620 2827 wolon,
635 2740 672 2803 de
687 2739 796 2805 Grceco
812 2763 948 2805 sermone
961 2739 1147 2804 descendere.
1194 2738 1289 2822 Cujus
1308 2738 1355 2803 rei
1372 2761 1426 2802 nos
1446 2737 1541 2803 intel·

506 2821 672 2915 ligentiam
685 2826 797 2892 nostris
813 2825 892 2892 lronc
910 2842 1071 2924 possumus
1084 2826 1182 2891 dore.-
1203 2834 1239 2889 ut
1261 2823 1345 2890 verli
1364 2823 1473 2913 gratio
1491 2824 1541 2889 di-

506 2932 611 2976 camus
629 2910 667 2975 al
680 2911 871 2985 erloreilice
885 2912 1000 2977 dixisse
1014 2934 1095 2989 nrm,
1110 2910 1180 2975 ilico
1197 2922 1306 2995 pereas
1320 2938 1330 2974 .·
1353 2922 1383 2975 et
1398 2934 1417 2977 a
1432 2910 1540 2977 lentis-

505 3017 549 3076 co,
564 2996 599 3063 iu
614 2994 728 3061 lentem
742 3008 771 3062 te
785 2997 972 3063 comminuat
986 2996 1129 3084 Angelus
1141 3022 1152 3060 .·
1175 2995 1224 3060 vel
1237 3019 1297 3083 non
1312 2996 1394 3061 lente
1403 3011 1512 3081 pereas
1526 3022 1537 3062 .·

506 3080 739 3161 ueterrimis
757 3095 802 3147 est
814 3081 973 3166 flexibilis
992 3083 1116 3147 ducaris
1137 3081 1179 3145 ad
1198 3092 1329 3146 mortem
1337 3109 1350 3161 ,-
1371 3081 1434 3146 sine
1452 3080 1543 3147 aliud

506 3165 585 3253 qnid
603 3167 647 3231 ad
667 3167 784 3232 arboris
804 3191 914 3232 nornen
937 3166 1125 3232 conveniensi
1169 3166 1261 3231 Idem
1277 3167 1450 3253 objiciebat
1466 3167 1543 3235 Por·

507 3252 642 3341 phyrius
662 3263 744 3317 teste
765 3254 879 3319 eodem
902 3254 1026 3319 Hieron
1051 3274 1105 3317 mo
1127 3251 1314 3337 praefatione
1335 3251 1376 3316 ad
1394 3251 1544 3336 explane-

507 3335 629 3403 tionem
642 3337 677 3401 in
691 3339 872 3404 Danielem.
910 3338 970 3403 Sed
983 3350 1013 3403 et
1026 3276 1083 3401 loc
1096 3358 1182 3401 nosse
1198 3336 1338 3401 delemus
1353 3339 1435 3400 inter
1448 3347 1541 3402 crete·

507 3444 555 3503 ru,
582 3422 794 3511 Porphyrium
818 3424 856 3488 de
882 3422 1027 3489 Danielis
1053 3422 1132 3486 lilro
1155 3419 1241 3486 nolis
1266 3420 1403 3506 oljicere,
1430 3421 1541 3487 idcirco

509 3506 600 3573 illorm
624 3524 776 3595 apparere
802 3507 973 3595 confictum,
994 3531 1050 3573 nec
1072 3506 1177 3572 leoleri
1201 3506 1287 3592 apud
1308 3505 1468 3586 Helroeos,
1489 3506 1544 3572 sed

510 3592 619 3673 Groeci
633 3595 780 3659 sermonis
796 3617 859 3660 esse
876 3606 1092 3673 commentum,
1107 3592 1183 3681 quia
1203 3593 1238 3658 in
1258 3591 1411 3658 Susannar
1421 3592 1543 3679 sedula

509 3680 715 3760 contineatur,
729 3679 848 3745 dicente
862 3678 995 3745 Daniele
1006 3680 1050 3744 ad
1058 3678 1266 3766 Presbyteros,
1280 3680 1334 3741 ἀπὸ
1349 3686 1396 3743 τοῦ
1411 3678 1479 3764 gire
1490 3678 1543 3764 gl-

509 3787 567 3845 oar,
595 3765 644 3828 καὶ
666 3767 791 3829 ἀπὸτοῦ
816 3765 915 3853 orplroo
938 3765 1053 3854 volsar,
1099 3786 1173 3846 roam
1198 3764 1418 3852 etymologiam
1442 3763 1543 3863 magis

511 3848 624 3917 Grceco
639 3851 770 3914 sermoni
785 3851 952 3932 conuenire,
968 3872 1063 3938 quam
1077 3787 1221 3913 ldelrceo.
1271 3850 1331 3914 Cui
1344 3860 1375 3915 et
1391 3849 1543 3915 Eusebius

510 3945 540 4001 et
553 3934 774 4022 Apollinarius
784 3937 857 4019 pari
872 3935 1024 4001 sententia
1038 3934 1267 4020 responderunt,
1278 3935 1432 4003 Snsnnnce
1439 3935 1543 4001 Belis-

509 4042 568 4109 que
582 4043 620 4087 oc
634 4022 789 4086 Draconis
791 4020 927 4105 falulas
939 4044 999 4086 non
1013 4020 1161 4085 contineri
1175 4020 1209 4085 in
1222 4020 1387 4103 Hebraico,
1403 4023 1456 4087 sed
1490 4045 1543 4088 ar·

510 4116 572 4171 tem
586 4128 650 4171 esse
664 4105 843 4190 Prophetiae
855 4105 1084 4206 Holacucfilii
1096 4108 1171 4171 Jesu
1184 4107 1222 4170 de
1236 4105 1318 4171 triln
1332 4108 1433 4173 Levi.-
1457 4036 1544 4185 ἕὶσαὶ

504 4191 606 4277 jueta
619 4191 729 4257 LXX.
744 4192 929 4277 Interpretes
942 4192 976 4257 in
993 4191 1086 4256 trtnlo
1104 4193 1239 4278 ejusdem
1252 4193 1476 4281 Belisfalulae
1488 4209 1544 4280 po·

509 4276 622 4342 nitur:
646 4278 760 4343 Homo
775 4278 905 4366 quidam
920 4290 990 4342 erat
1003 4279 1152 4343 sacerdos
1172 4278 1301 4344 nomine
1318 4280 1447 4360 Daniel,
1461 4280 1545 4345 filius

510 4361 631 4443 Abde3
652 4364 783 4427 conviva
803 4386 819 4426 r
863 4364 890 4428 is
908 4362 1087 4452 Babylonis
1099 4388 1110 4443 ς
1154 4386 1228 4428 uum
1247 4366 1414 4431 Danielem
1435 4375 1466 4429 et
1484 4376 1546 4429 tres

507 4461 621 4533 pueros
632 4447 672 4511 de
686 4447 769 4512 trilu
781 4450 811 4512 J
876 4448 982 4535 fuisse
1001 4459 1111 4513 sancta
1125 4386 1288 4535 demptura
1309 4462 1447 4517 testetur.
1489 4450 1546 4515 An

497 4552 587 4623 urere
607 4533 715 4599 solida
737 4534 832 4601 fuerit
852 4535 983 4600 Eusebii
1003 4547 1037 4599 et
1058 4534 1249 4634 Apollinarii
1269 4536 1444 4623 responsio,
1464 4534 1548 4599 infra
1644 4593 1646 4598 .

509 4614 711 4707 disquiritur.
738 4619 826 4703 (Scil.
840 4619 874 4685 in
889 4621 975 4686 notis
988 4618 1031 4686 ad
1045 4619 1241 4707 Origenem.)
1266 4624 1413 4688 Decus.
1441 4620 1546 4720 Super

510 4699 574 4773 bec
585 4705 812 4795 paronomasia
826 4704 872 4815 de
887 4728 948 4791 sue
965 4705 1150 4789 defensione
1163 4706 1285 4797 aliquid
1298 4706 1464 4783 remittens
1472 4726 1548 4794 ,ipse
