4092 5675
734 756 788 823 nr
808 754 1031 822 Arnrcsnr
1057 753 1312 821 onnourcn.
1480 770 1541 839 247

497 928 579 993 bere
592 927 751 993 Africano
766 928 869 1007 licuit,
885 951 958 992 nam
978 928 1088 993 locum
1110 951 1192 992 arcae
1213 926 1350 1014 appulsu
1368 925 1541 1005 celebrem,

499 1015 690 1101 Mediaeque
701 1015 948 1093 conterminum,
958 1014 1020 1079 illis
1032 1015 1229 1099 temporibus
1242 1014 1390 1077 Parthico
1405 1012 1541 1097 imperio

497 1101 647 1186 paruisse
659 1114 797 1165 constat.
842 1103 893 1165 lta
911 1102 1058 1186 regiones
1079 1123 1192 1164 omnes
1207 1100 1370 1163 aflumine
1387 1098 1470 1162 lndo
1485 1121 1541 1162 us-

524 1208 568 1250 ue
586 1186 629 1250 ad
647 1187 773 1273 Tigrim
793 1185 981 1274 generaliter
995 1187 1162 1251 Parthiam
1183 1185 1256 1264 dici,
1276 1186 1375 1250 tradit
1393 1185 1541 1263 Orosius,

498 1207 595 1336 irisr.
609 1272 667 1337 lib.
683 1274 711 1336 Ι.
729 1294 800 1358 cap.
813 1273 846 1336 ii.
868 1294 899 1357 p.
918 1288 965 1353 14.
983 1272 1034 1335 ed.
1055 1274 1267 1356 Havercamp.
1313 1272 1423 1336 Habet
1443 1292 1542 1356 porro

498 1356 704 1444 Epiphanius
713 1358 796 1422 Ado.
807 1358 901 1422 Haer.
913 1357 969 1421 lib.
982 1359 1009 1420 Ι.
1022 1372 1047 1422 t.
1060 1360 1086 1421 Ι.
1098 1381 1127 1421 c.
1137 1359 1177 1421 iv.
1187 1380 1218 1444 p.
1229 1374 1258 1420 5.
1269 1370 1342 1444 post
1355 1357 1481 1420 Genesis
1493 1356 1543 1420 lo·

499 1464 581 1508 cum
595 1444 800 1508 allatum-ir
815 1449 872 1518 τοῖς
886 1443 958 1527 ὄρεσι
976 1449 1032 1518 τοῖς
1051 1447 1187 1531 Ἀραροὶτ,
1203 1443 1341 1525 &rapiam
1355 1443 1503 1529 Ἀρριενίων
1519 1445 1541 1529 il,

499 1528 651 1615 Kaspiraioi
667 1534 693 1591 ir
707 1536 746 1615 τῷ
759 1528 860 1616 itata?
881 1528 933 1616 ὄρει
954 1530 1212 1615 susceptiva—Et
1230 1529 1326 1612 paulo
1346 1533 1540 1614 post,-}rr=··

500 1614 666 1697 κτεινόμενοι
689 1616 717 1678 δὲ
741 1617 787 1679 καί
811 1616 912 1703 πρίσω
936 1615 1075 1694 βαίνοντες
1095 1617 1149 1678 ἀπὸ
1169 1622 1217 1678 τοῦ
1236 1613 1337 1700 nata?
1352 1613 1449 1701 ὅρεςνὲ
1466 1615 1542 1701 ὁρίων

499 1705 551 1777 τῆς
569 1700 727 1784 Ἀρμενίας,
740 1701 850 1774 reitesta
869 1703 999 1789 Ἀραροὶτ
1018 1708 1064 1777 τῆς
1082 1700 1193 1808 χώρας,
1208 1701 1328 1785 γίνονταρ
1340 1703 1366 1763 ἐν
1381 1702 1469 1786 ωεδίορ
1483 1702 1542 1767 Σε-

500 1789 577 1873 mip
590 1786 657 1850 ἔνθά
670 1813 717 1849 ore
733 1787 906 1865 ἐπελέξαντο·
931 1791 1017 1865 κεῖτορ
1030 1789 1056 1849 δὲ
1069 1814 1136 1864 αντη
1152 1794 1166 1863 ἡ
1182 1789 1292 1874 Σεναὰρ
1304 1789 1356 1849 νυνὶ
1371 1790 1397 1850 ἐν
1408 1786 1494 1873 χώρᾳ
1507 1791 1541 1872 τῇ

500 1876 645 1959 Περσικῇ.
661 1894 693 1958 p.
705 1880 735 1936 6.
779 1873 1000 1959 Eusebiusque
1022 1874 1069 1937 ait
1083 1873 1114 1936 in
1133 1872 1293 1952 Chronico,
1310 1871 1363 1935 isti
1379 1884 1494 1937 montes
1510 1872 1544 1936 iu

500 1958 657 2022 Arrrtenio
669 1958 825 2043 superiore
840 1970 911 2022 sant
926 1982 1009 2023 secas
1024 1962 1135 2022 Persas
1147 1985 1160 2037 ,·
1183 1959 1224 2022 ad
1247 1981 1329 2044 quos
1347 1958 1415 2045 jam
1439 1972 1543 2023 traus-

500 2042 608 2108 latum
634 2044 740 2108 fuerat
764 2044 949 2108 Parthicum
973 2045 1155 2129 imperium.
1212 2046 1254 2108 Et
1277 2045 1317 2107 de
1342 2066 1455 2108 eorum
1480 2046 1544 2109 situ

503 2127 663 2194 Chardini
687 2151 726 2194 ac
746 2130 926 2194 Thevenoti
949 2130 1110 2193 itinerario
1138 2129 1336 2194 consulenda
1363 2142 1448 2193 sunt.
1492 2131 1545 2193 De

501 2229 617 2280 monte
635 2238 710 2279 vero
731 2216 860 2295 Ararat,
882 2232 915 2280 et
936 2216 1037 2280 ciboti
1058 2216 1099 2278 ad
1121 2215 1213 2278 illum
1235 2216 1385 2301 appulsu,
1401 2216 1446 2278 ita
1469 2215 1543 2278 Phi·

501 2297 682 2387 lostorgius
696 2301 783 2365 Hist.
796 2301 886 2366 Ecci.
900 2301 956 2365 lib.
969 2302 1013 2365 iii.
1028 2323 1098 2387 cap.
1110 2314 1139 2365 8.
1158 2304 1196 2363 Ὁ
1211 2304 1238 2363 δὲ
1255 2300 1399 2386 Εὐφράτης
1413 2300 1545 2381 strupo,

503 2388 536 2463 ἓξ
554 2387 706 2472 Ἀρμενίων
732 2393 809 2451 κατὰ
831 2392 862 2451 τὸ
886 2389 1023 2473 προφανὲς
1045 2387 1203 2449 ἀνατέλλεο.
1231 2387 1297 2449 ἔνθα
1318 2389 1348 2449 ri
1371 2385 1428 2470 ὅρος
1450 2388 1490 2457 ὲςὶ
1512 2390 1544 2449 τὸ

502 2473 642 2622 Ἀρῑρᾶτ,
658 2472 698 2535 ἔτι
718 2476 766 2537 καί
789 2476 864 2561 σορὸς
884 2474 1034 2560 Ἀρμενίων
1052 2471 1121 2536 οὕτω
1136 2479 1314 2554 καλούμένον.
1337 2476 1375 2551 ἐφ’
1391 2472 1420 2534 οὗ
1436 2474 1482 2533 καὶ
1497 2476 1545 2550 τὴν

504 2583 533 2620 νιν
593 2561 622 2621 ὸν
643 2559 794 2645 ίδρυνθῆναί
814 2579 893 2641 φησιν
914 2567 929 2636 ἡ
949 2561 1053 2645 γραρῆ“
1076 2559 1106 2635 ἧς
1124 2557 1194 2644 ίίχρν
1214 2561 1261 2621 καί
1277 2566 1320 2621 νῦν
1335 2557 1499 2639 εἶναίφασιν
1514 2564 1544 2621 οὗ

503 2648 594 2732 pingui
607 2644 732 2721 λείψανα
747 2652 799 2708 τῶν
814 2671 845 2708 τε
860 2646 960 2723 ξύλων,
976 2647 997 2731 r}
1013 2656 1066 2709 τῶν
1081 2648 1152 2722 ἥλων
1168 2648 1256 2707 ἐκεῖσε
1271 2642 1423 2725 σωζόμενα.
1462 2644 1544 2708 Cre·

504 2728 573 2808 dat,
589 2731 646 2815 qui
661 2729 757 2809 volet,
772 2732 832 2795 etsi
852 2731 955 2794 simile
974 2731 1051 2816 quid
1076 2730 1235 2795 Eusebius
1250 2753 1289 2793 ex
1303 2729 1446 2816 Josepho
1461 2730 1546 2794 aliis-

529 2838 571 2880 ue
595 2816 806 2902 scriptoribus
833 2817 866 2881 iu
892 2816 1084 2882 Ouaniastica
1111 2839 1171 2881 suo
1200 2815 1329 2880 Urbium
1351 2827 1381 2880 et
1407 2815 1482 2880 Lac.
1510 2816 1544 2881 S.

506 2838 684 2987 Scriptura
710 2904 862 2968 retulerit.
886 2925 918 2988 p.
943 2917 992 2966 2ο.
1015 2904 1066 2968 ed.
1092 2903 1200 2967 Amst.
1222 2916 1337 2987 praeter
1359 2916 1505 2967 auctores
1527 2925 1547 2966 a

507 2989 625 3052 Grotio
640 2987 683 3052 ad
702 2989 759 3053 lib.
781 3011 876 3053 suum
892 2991 943 3052 De
962 2989 1098 3053 Veritate
1113 2987 1181 3052 Rei.
1199 2988 1314 3051 Christ.
1331 2989 1358 3052 l.
1377 2995 1423 3052 16.
1445 3011 1477 3074 p.
1494 3002 1544 3052 58.

507 3073 558 3138 ed.
572 3073 692 3139 Clerici
706 3074 839 3152 allatos3
854 3097 912 3138 nec
929 3074 1067 3139 multum
1082 3097 1135 3138 me
1148 3089 1258 3139 movet
1271 3074 1489 3138 testimonium
1504 3075 1546 3139 ab

507 3159 641 3224 eremita
662 3159 719 3224 illo
739 3162 858 3225 montis
872 3162 989 3225 Ararat
1003 3160 1108 3225 incola
1121 3160 1351 3245 conscriptum,
1366 3160 1455 3246 quod
1470 3182 1546 3223 cum

509 3246 549 3309 ab
569 3266 611 3309 eo
630 3247 748 3310 Joanni
772 3247 937 3333 Struyesio
962 3246 1074 3310 datum
1096 3258 1181 3309 esset
1199 3267 1282 3310 anno
1305 3245 1414 3309 saeculi
1429 3244 1548 3309 decimi

508 3330 638 3418 septimi
653 3332 902 3418 septuagesimo,
917 3345 1028 3419 postea
1042 3332 1083 3395 ab
1098 3331 1161 3395 hoo
1176 3331 1243 3394 viro
1259 3331 1290 3393 in
1306 3330 1471 3395 itinerario
1487 3352 1547 3394 suo

507 3417 683 3502 repositum
712 3416 823 3482 estad
850 3440 918 3504 cap.
938 3418 1023 3481 xviii.
1048 3440 1079 3502 p.
1099 3423 1169 3480 216.
1195 3417 1344 3501 Auglicae
1369 3416 1547 3480 Versiouis.

510 3501 676 3568 Caeterum
692 3502 724 3567 id
740 3502 828 3589 quod
844 3505 940 3568 refert
953 3504 1126 3567 Africanus
1142 3503 1182 3567 de
1198 3501 1349 3579 Cclaenis,
1365 3499 1406 3566 cl.
1422 3503 1547 3587 Bryan-

509 3587 546 3653 tii
564 3588 672 3654 firmat
689 3589 874 3674 opinionem
895 3589 928 3653 in
943 3589 1081 3674 Analysi
1102 3588 1242 3675 Mytirol.
1257 3586 1411 3672 Antiquae
1434 3587 1496 3651 vol.
1512 3586 1546 3650 ii.

507 3693 541 3759 p.
557 3688 627 3739 232.
641 3675 812 3759 prolatam,
827 3675 883 3760 qui
905 3696 944 3739 ex
965 3675 1042 3739 solis
1064 3675 1200 3739 oraculis
1223 3673 1387 3761 Sibyllinis
1410 3673 1546 3758 colligit,

508 3759 587 3824 olim
601 3760 757 3825 traditum
772 3762 881 3838 fuisse,
896 3783 1001 3824 arcam
1017 3761 1147 3825 Noachi
1161 3782 1262 3845 prope
1277 3761 1468 3844 Apameam,
1484 3758 1546 3820 mi·

510 3846 594 3911 noris
607 3847 655 3912 Ph
695 3846 759 3932 giae
771 3846 896 3923 urbem,
910 3861 983 3911 aute
995 3846 1189 3931 appellatam
1201 3845 1351 3920 Celaenis,
1361 3844 1475 3909 deinde
1488 3843 1545 3907 Ci-

509 3928 622 4009 boton,
637 3955 675 3997 su
699 3932 833 4009 stitisse3
849 3954 913 4017 qua
928 3931 1056 4018 quidem
1071 3953 1104 3994 re
1119 3932 1195 3996 satis
1209 3930 1359 4015 explicari
1374 3951 1469 4014 posse
1482 3951 1546 4015 pu·

509 4028 555 4081 tat
569 4017 689 4104 figuras
704 4017 775 4081 illas
791 4039 897 4080 aversa
911 4031 1000 4103 parte
1020 4017 1110 4081 numi
1125 4017 1336 4101 Apameeusis
1358 4016 1546 4101 insculptas.

511 4103 656 4168 Verbum
680 4103 808 4167 interim
834 4103 898 4183 εἶνω
924 4117 999 4190 post
1022 4125 1133 4167 vocem
1157 4101 1293 4190 Παρθίαν
1315 4100 1356 4165 ad
1377 4101 1433 4166 lin.
1452 4118 1484 4167 3.
1507 4123 1548 4166 ex

513 4187 659 4253 Cedreno
675 4188 796 4255 addidi.
1599 4229 1603 4236 .

550 4276 586 4338 P.
602 4289 670 4352 129.
686 4275 708 4338 l.
721 4280 751 4338 6.
775 4280 799 4347 oi
811 4275 838 4336 δὲ
854 4275 980 4358 ἐξῆλθον]
998 4276 1046 4336 Ex
1058 4273 1155 4337 MSto
1174 4272 1343 4337 Parisiensi
1358 4276 1473 4352 ἐξῆλθον
1486 4294 1546 4358 pro

511 4359 664 4438 ἓξιλθίντες
690 4360 831 4444 reposui.
877 4360 1003 4423 Goarus
1028 4381 1101 4422 vero
1124 4357 1301 4423 redundare
1323 4385 1354 4422 τε
1381 4370 1548 4447 putaverat

512 4458 583 4531 post
597 4448 774 4528 εὐλογοῦντω
789 4446 830 4509 ad
846 4445 901 4507 lin.
917 4459 946 4507 8.

553 4530 637 4595 lbid.
654 4531 677 4595 l.
693 4544 723 4607 7.
746 4536 823 4594 κατὰ
838 4530 1064 4613 συζυγίας-καί
1078 4533 1251 4614 aix-rarsi
1265 4529 1344 4614 γένη]
1363 4527 1456 4593 Nihil
1471 4527 1548 4592 hinc

513 4618 684 4703 mysticum
706 4639 780 4680 cum
797 4617 951 4680 Africano
972 4637 1059 4694 erue,
1076 4638 1149 4679 nam
1171 4637 1209 4678 ex
1229 4617 1263 4678 S.
1282 4615 1446 4698 Scriptura
1467 4635 1548 4679 con-

514 4715 583 4781 stat,
598 4725 706 4768 arcam
729 4703 867 4792 ingresso
887 4725 957 4767 esse
976 4702 1126 4768 animalia
1148 4724 1212 4769 non
1235 4715 1360 4767 tauturu
1381 4703 1456 4765 κατὰ
1470 4699 1549 4786 γένη,
1603 4768 1605 4773 ,

1005 4809 1027 4852 R
1042 4802 1061 4853 4
