4092 5675
399 807 402 812 .
519 739 572 806 IN
584 736 805 806 AFRICANI
822 737 955 802 EPIST.
968 736 1034 802 AD
1048 737 1313 808 ARISTIDEM.
1370 761 1430 832 212

401 910 479 990 loco
492 910 628 977 MStum
644 907 771 976 coislin.
793 908 846 972 hic
868 921 1006 974 sectntus
1029 931 1112 975 sum.
1156 912 1221 977 Sed
1234 912 1316 978 infra
1330 914 1435 982 minus

403 997 487 1062 bene
499 995 650 1062 scribitur
662 995 695 1060 in
711 993 836 1060 Coisiin.
852 997 895 1057 διὰ
910 995 1092 1079 ψευδολογίαν
1104 1018 1165 1145 βω
1180 1001 1224 1063 διὰ
1238 1001 1432 1086 ψευδολογίας,

449 1083 484 1148 Ρ.
499 1095 568 1159 117.
581 1081 605 1148 l.
619 1095 665 1146 ts,
687 1083 794 1158 Ἐπειδὴ
809 1082 868 1167 γὰρ
890 1084 926 1142 τὰ
947 1079 1081 1164 ὀνόματα]
1128 1083 1261 1150 articula
1274 1090 1332 1173 γὰρ
1346 1088 1437 1154 abest

402 1188 425 1234 a
438 1167 558 1234 nostrin
571 1165 737 1234 codicibus
756 1167 846 1231 Mon.
862 1165 954 1230 Med.
970 1165 1052 1230 Fuk.
1067 1181 1100 1231 et
1115 1168 1208 1233 Savil.
1224 1193 1283 1236 nec
1299 1171 1437 1238 habetur

403 1254 438 1319 in
452 1252 710 1338 interpretatione
725 1251 841 1316 Rufini.
869 1253 982 1316 Exstat
995 1265 1102 1316 tamen
1116 1253 1149 1317 in
1164 1256 1275 1330 codice
1288 1258 1392 1343 Regio
1404 1272 1438 1325 et

403 1337 494 1440 &2⁰51
509 1337 735 1425 Nicephorum
754 1337 788 1402 in
807 1359 877 1423 cap.
896 1352 942 1401 11.
960 1336 1016 1402 lib.
1033 1338 1061 1399 Ι.
1083 1339 1289 1406 Vnnnsrus.
1331 1345 1438 1410 Abest

403 1421 517 1498 itidem
530 1421 603 1490 haec
658 1421 771 1488 nticula
784 1446 805 1487 a
819 1422 918 1486 codice
931 1421 1008 1486 MS.
1023 1421 1164 1509 Norsolc.
1205 1426 1270 1490 Sed
1283 1450 1356 1493 vero
1372 1452 1438 1495 ser·

404 1523 508 1590 intur,
530 1509 564 1574 ni
647 1531 695 1588 or,
718 1507 751 1572 in
776 1509 840 1572 cod.
863 1508 939 1572 MS.
964 1506 1087 1587 Sacilii,
1112 1509 1167 1597 qui
1188 1510 1222 1576 in
1244 1513 1439 1582 bibliotheca

404 1595 583 1662 Bodleiano
602 1593 760 1680 repositus
781 1610 829 1658 est
840 1618 851 1673 ;
873 1593 953 1658 liber
971 1594 1056 1658 enim
1077 1596 1171 1659 Savil.
1185 1619 1205 1660 a
1217 1598 1348 1664 Volesio
1368 1623 1437 1664 me-

405 1695 552 1758 moratus
569 1679 793 1768 Stephanionae
814 1678 963 1744 editionis
983 1680 1144 1766 exemplar
1167 1697 1292 1747 tantum
1313 1685 1385 1764 fuit,
1402 1700 1438 1751 ut

405 1765 570 1918 tat-³330?
570 1765 774 1917 {Stin}
780 1764 1024 1916 bittit?
1035 1767 1375 1922 ffitdttdtissttt
1377 1771 1439 1924 1¹2:

361 2015 368 2024 ἱ
404 1929 622 2020 adnotaverat.
645 1938 742 2002 Porro
754 1935 795 2000 ad
805 1934 950 2022 Rufinum
962 1871 1051 2035 duod
1063 1937 1223 2018 attinet,is
1236 1962 1300 2004 non
1312 1880 1439 2010 sanium

404 2011 554 2098 voculam
565 2027 623 2109 γὰρ
634 2045 700 2088 non
713 2022 853 2108 agnovit,
866 2021 924 2086 sed
936 2035 1033 2086 ettam
1047 2026 1131 2101 ἐπειδὴ
1146 2046 1186 2088 ne
1211 2025 1298 2092 lenit.
1321 2028 1439 2114 Neque

404 2109 503 2186 verbo
512 2107 568 2174 illa
577 2107 685 2194 posuit
696 2108 731 2172 in
743 2109 860 2173 Coterro
871 2129 929 2172 sua
940 2107 974 2170 S.
984 2108 1158 2173 Macarius.
1185 2046 1440 2177 {ertec’oanmm

404 2193 459 2282 Sia
471 2194 595 2274 existit3
611 2193 731 2258 ideirco
744 2194 833 2258 uncis
847 2193 940 2257 verba
955 2192 1109 2257 nonnulla
1119 2194 1311 2260 includenda
1321 2199 1440 2264 curavi.

448 2279 535 2360 ibid.
548 2280 572 2344 lr
586 2294 637 2344 21.
659 2279 762 2363 δέδοτο]
778 2281 869 2353 αὐτοῖς
882 2277 982 2342 ἐδέδετο
995 2278 1029 2344 S.
1038 2279 1179 2343 Maeonii
1191 2281 1312 2346 [medita
1322 2283 1440 2352 catena

406 2363 441 2430 in
455 2364 653 2430 Mottlraeum
673 2364 707 2428 in
725 2363 879 2429 Biblioth.
897 2363 993 2428 Bodl.
1011 2362 1067 2427 ubi
1083 2385 1155 2448 pars
1174 2367 1353 2431 Eusebiana
1369 2370 1439 2455 epi-

405 2451 501 2516 stolae
522 2450 620 2539 hujus
641 2450 738 2514 allata
758 2463 818 2515 est.
861 2449 967 2515 Vertit
987 2460 1020 2513 et
1038 2448 1178 2534 Ruftmts,
1196 2452 1272 2516 Cum
1290 2453 1372 2516 enim
1392 2478 1442 2518 re·

405 2535 604 2602 surrectionis
630 2535 712 2600 inter
735 2557 792 2602 eos
813 2550 880 2620 spes
899 2533 1028 2600 necdum
1042 2533 1162 2620 sitisset
1185 2548 1320 2623 accepto.
1366 2541 1442 2605 Post

405 2636 495 2706 extat
509 2622 543 2686 in
557 2621 618 2686 hac
636 2622 753 2686 Cuteno
766 2634 800 2686 ct
813 2621 891 2686 MS.
905 2619 997 2685 Bodt.
1014 2642 1073 2685 seu
1092 2619 1190 2686 Socii.
1209 2625 1241 2688 τὸ
1261 2623 1346 2707 ὄνομα
1363 2624 1440 2713 μέν,

405 2729 467 2796 pro
477 2707 545 2795 μένῃ
560 2711 592 2772 τὸ
607 2705 702 2791 ὄνομα.

436 2792 784 2878 ¹1>.1·1u.l.o.m›5cn]
811 2798 844 2878 τῇ
869 2791 964 2870 κλήσει
988 2790 1190 2877 mcepmros.
1228 2793 1343 2860 Statim
1367 2809 1443 2885 post

404 2879 538 2965 γινρμένῃ
551 2880 643 2962 μνήμη
658 2901 717 2965 pro
731 2879 843 2964 γέγονεν
857 2886 872 2955 ἡ
886 2880 975 2961 μνήμη
991 2878 1068 2943 MS.
1083 2878 1224 2966 Norfolc.

449 2964 537 3030 ibid.
563 2965 586 3028 l.
607 2971 638 3031 6.
668 2964 873 3049 ourmmmixn]
899 2964 1056 3043 συνεπλάκη
1081 2985 1120 3029 ex
1145 2965 1256 3030 codice
1278 2967 1442 3035 Medicaeo

403 3048 510 3133 edidit
524 3051 610 3115 nob.
624 3050 816 3136 Stephanus.
861 3051 899 3113 In
921 3049 1024 3135 Regio
1043 3051 1216 3138 exemplari
1236 3051 1324 3137 prius
1341 3055 1444 3142 scrip-

403 3149 475 3215 tum
489 3150 560 3215 erat
573 3136 725 3213 mmmm.
771 3137 885 3199 Postea
898 3156 971 3199 vero
990 3135 1198 3200 emendatum
1213 3153 1263 3202 est
1277 3139 1375 3223 paulo
1390 3163 1441 3205 re·

404 3221 550 3291 centiore
564 3244 664 3299 mnnu
677 3221 879 3298 συνεπηλάκη.
924 3220 1064 3285 Priorem
1085 3220 1172 3284 illam
1188 3221 1361 3289 lectionem
1377 3228 1441 3290 irrr-

403 3306 501 3385 nm'nur
527 3306 658 3372 retinuit
680 3306 897 3392 Nicephorus.
939 3307 983 3369 Et
1003 3306 1142 3370 Joannes
1165 3307 1384 3373 Damascenus
1408 3310 1442 3376 in

381 3411 385 3419 ·
405 3392 498 3463 Orat.
511 3404 544 3457 3.
559 3391 600 3456 de
612 3391 721 3457 Nativ.
736 3392 776 3457 B.
789 3391 915 3463 Mariae.
950 3389 1064 3455 Codex
1077 3403 1186 3454 autem
1201 3394 1291 3457 Maz.
1308 3407 1340 3458 et
1356 3396 1380 3458 F
1381 3395 1441 3460 uk.

403 3478 563 3565 seriptum
574 3477 695 3542 habent
707 3476 917 3555 σᾳνεππλάκα,
929 3475 972 3541 itn
983 3475 1086 3541 codex
1097 3476 1186 3545 Μαι.
1196 3477 1245 3541 vel
1257 3477 1344 3565 quod
1355 3479 1442 3546 idem

404 3563 671 3641 entmnmo'mn.
692 3563 802 3649 Atque
813 3563 859 3627 ita
869 3562 987 3648 legisse
999 3561 1124 3629 videtur
1136 3563 1285 3628 Rufinus:
1301 3565 1346 3629 sic
1358 3565 1441 3631 enim

405 3650 510 3723 vertit
554 3649 795 3732 Reconjunctum
809 3670 942 3734 nomque
956 3659 1001 3713 est
1016 3647 1075 3712 siti
1090 3648 1220 3725 invicem
1232 3673 1342 3736 genus,
1355 3662 1386 3714 et
1401 3650 1444 3715 il-

406 3732 464 3801 iud
473 3734 561 3821 quod
574 3749 632 3819 por
648 3733 851 3812 Salomonem,
866 3744 896 3798 et
910 3732 992 3797 illud
1005 3735 1087 3820 quod
1102 3751 1161 3821 per
1175 3733 1305 3799 Notion
1319 3736 1444 3801 deduci-

406 3828 471 3899 tur,
486 3820 549 3895 Sto.
570 3819 640 3885 Ubi
656 3818 743 3883 vides
757 3820 909 3887 Rufinum
924 3818 1004 3883 duas
1018 3819 1088 3883 illas
1102 3820 1343 3905 praepositiones
1357 3823 1445 3887 verbi

406 3905 607 3985 cormarine
623 3905 759 3969 totidem
773 3905 895 3969 Latinis
912 3904 1087 3990 exprimere
1101 3907 1247 3969 voluisse.
1282 3908 1319 3969 ln
1335 3908 1447 3993 vulga-

406 3989 448 4057 tis
465 3989 599 4076 quidem
623 3990 731 4055 Rufini
750 3990 944 4055 editionibus
964 3990 1084 4075 legitur
1103 3992 1297 4074 conjunctum
1312 4014 1446 4080 namque

407 4088 454 4141 ert
465 4074 670 4145 citationem
681 4098 790 4164 genus,
806 4077 866 4151 Sec.
891 4077 1014 4139 Verum
1029 4077 1063 4139 in
1078 4075 1206 4141 duobus
1220 4079 1445 4165 manuscriptio

407 4161 586 4240 codicibus,
600 4161 702 4226 altero
717 4161 922 4225 bibliothecae
940 4161 1063 4245 Regiae,
1079 4162 1179 4225 altero
1195 4162 1376 4229 Parisiensis
1391 4186 1446 4230 ec·
1476 4215 1480 4223 .

407 4246 527 4325 clerice,
538 4262 573 4311 et
587 4247 620 4323 in
635 4248 854 4311 vetustissimis
865 4246 1059 4311 editionibus
1075 4245 1193 4331 legitur
1205 4251 1444 4334 reconjunctum.

407 4332 481 4411 Nee
495 4345 605 4397 tomen
621 4333 755 4418 probare
758 4355 898 4481 <{rossum
912 4332 1203 4417 interpretationem
1218 4335 1334 4399 Rufini.
1357 4337 1447 4401 Nam

408 4416 602 4505 reconjungi
615 4417 746 4503 quidem
781 4418 909 4482 icuntur
922 4418 994 4481 duae
1009 4416 1150 4494 familiae,
1163 4441 1235 4504 quae
1249 4442 1322 4483 cum
1338 4441 1377 4483 ex
1391 4442 1447 4483 en·

409 4502 483 4579 dem
504 4520 604 4589 gente
623 4518 702 4566 ortae
721 4505 794 4580 sint,
810 4504 930 4567 mutuis
944 4518 1055 4588 postea
1069 4504 1237 4569 connubiis
1252 4507 1381 4569 intense
1396 4526 1447 4570 re-

404 4585 600 4675 junguntur.
644 4589 708 4653 Sed
723 4589 756 4652 in
769 4589 832 4653 hoc
845 4588 919 4655 loeo
936 4589 1035 4674 longe
1049 4588 1111 4651 alia
1124 4590 1269 4655 Africani
1282 4611 1372 4653 mens
1386 4604 1446 4657 est.

411 4674 488 4753 Non
503 4675 591 4739 enim
605 4673 686 4741 dicit
697 4675 870 4741 Africanus
891 4673 1090 4743 Nathaoaeos
1112 4696 1151 4741 ac
1171 4675 1376 4745 Salomonios
1392 4677 1450 4763 qui
