4092 5675
503 786 569 874 516
843 779 1208 851 ANNOTATIONES

504 966 569 1032 tur,
586 966 624 1019 ut
640 974 660 1018 a
679 954 855 1042 peregrinis
871 956 1031 1043 episcopis
1050 954 1093 1022 ad
1115 953 1382 1021 communionem
1396 953 1549 1020 admitte·

503 1056 625 1107 rentur.
668 1040 752 1105 Aliae
772 1055 864 1106 erant
884 1065 963 1127 quas
982 1043 1126 1130 episcopi
1139 1041 1296 1107 testaudae
1309 1041 1551 1106 communionis

502 1150 573 1193 suae
588 1130 684 1191 causa
697 1126 738 1192 ad
753 1128 833 1193 alios
853 1129 1026 1194 mittebant
1040 1129 1220 1216 episcopos,
1235 1142 1269 1192 et
1283 1150 1367 1214 quas
1381 1127 1446 1213 ipsi
1458 1126 1550 1191 vicis·

504 1213 567 1279 sim
582 1213 623 1277 ab
637 1212 709 1277 aliis
722 1214 943 1300 accipiebant:
967 1214 1007 1279 de
1021 1215 1141 1303 quibus
1156 1214 1209 1279 hic
1223 1213 1370 1300 loquitur
1387 1212 1550 1301 Synodus.

502 1300 562 1366 Eae
583 1312 690 1363 autern
714 1301 813 1385 paulo
835 1317 908 1387 post
930 1302 1164 1366 ordinationem
1187 1300 1274 1364 mitti
1294 1299 1447 1363 solebant
1464 1321 1550 1362 are·

502 1407 580 1451 cens
594 1386 748 1451 ordinatis
764 1388 935 1473 episcopis.
960 1389 1015 1452 De
1029 1387 1080 1452 his
1093 1385 1322 1473 intelligendus
1335 1385 1467 1449 videtur
1480 1384 1550 1449 Au·

530 1472 655 1537 ustinus
667 1472 700 1538 in
716 1473 862 1560 Epistola
874 1480 942 1538 162.
966 1472 1149 1560 Cyprianus
1161 1474 1195 1537 in
1210 1469 1359 1557 Epistola
1369 1469 1413 1534 ad
1426 1470 1550 1534 Come-

501 1493 585 1625 lium
600 1579 677 1645 pag.
690 1573 741 1638 92.
776 1560 927 1645 Denique
943 1560 1090 1646 Epistola
1109 1558 1264 1646 synodica
1281 1556 1426 1621 Concilii
1441 1556 1549 1621 Sardi·
1589 1637 1591 1641 Ι

500 1646 617 1709 censis.
661 1646 695 1709 Si
711 1646 784 1731 quis
798 1661 905 1710 tamen
919 1662 1039 1711 cuncta
1056 1645 1125 1710 haec
1141 1645 1214 1709 loca
1228 1644 1269 1708 de
1283 1643 1438 1708 formatis
1452 1644 1548 1707 etiam

501 1729 681 1816 intelligere
703 1732 850 1810 voluerit,
865 1727 1017 1832 equidem
1039 1754 1103 1796 non
1125 1730 1326 1817 repugnabo.
1374 1730 1478 1793 Porro
1495 1751 1549 1792 no·

501 1816 601 1880 tanda
614 1833 664 1881 est
677 1817 741 1880 hoc
755 1816 830 1881 loco
846 1818 983 1903 diligens
997 1819 1124 1882 cautela
1139 1832 1325 1881 sanctorum
1342 1829 1487 1900 patrum,
1498 1814 1549 1900 qui

501 1901 651 1986 deposito
667 1902 820 1966 haeretico
835 1903 1014 1982 sacerdote,
1030 1926 1150 1967 nomen
1164 1902 1318 1967 catholici
1334 1901 1485 1987 episcopi
1499 1900 1550 1987 qui

500 1986 535 2054 in
550 1986 744 2075 ejusdocum
761 1989 954 2054 substitutus
970 1990 1087 2069 fuerat,
1101 1989 1226 2053 eunctis
1245 1988 1411 2075 episcopis
1432 1987 1550 2073 siguifi-

501 2088 589 2152 cant‚
604 2088 642 2138 ut
656 2074 778 2139 scilicet
789 2077 892 2140 sciant
904 2098 923 2140 a
934 2098 1001 2163 quo
1015 2075 1256 2141 Ecclesiasticas
1270 2074 1383 2137 literas
1397 2073 1549 2159 accipere,

501 2176 536 2226 et
548 2160 589 2225 ad
605 2183 703 2248 quem
718 2161 858 2225 scribere
871 2162 1020 2226 debeant.
1064 2161 1211 2226 Eandem
1225 2160 1269 2225 ob
1284 2182 1420 2239 causam
1434 2158 1549 2245 Cypri·

501 2261 583 2313 anus
605 2248 693 2311 misit
715 2246 869 2311 Cornelio
892 2250 986 2335 Papae
1008 2248 1142 2312 nomina
1162 2246 1404 2312 catholicorum
1426 2248 1549 2331 episco-

500 2354 619 2420 porum
633 2334 734 2397 totius
750 2333 883 2413 Africae,
899 2347 935 2399 ut
954 2334 1067 2398 scribit
1084 2335 1116 2397 in
1131 2333 1278 2418 Epistola
1293 2332 1397 2397 citata
1410 2331 1454 2395 ad
1470 2330 1548 2395 Cor-

500 2419 635 2485 nelium.
680 2420 789 2482 Patres
811 2442 942 2507 quoque
966 2419 1164 2484 Sardieensis
1181 2419 1322 2483 Concilii
1338 2417 1483 2482 eandem
1496 2416 1549 2482 ad·

499 2505 677 2570 hibuerunt
691 2504 905 2590 diligentiam.
948 2506 1013 2569 Sed
1035 2520 1069 2570 et
1090 2505 1218 2591 quoties
1237 2504 1379 2569 mortuis
1393 2503 1549 2590 episcopis

500 2591 556 2655 alii
575 2592 609 2655 in
629 2613 741 2655 eorum
766 2591 874 2655 locum
889 2591 1018 2674 fuerant
1031 2590 1183 2670 ordinati,
1198 2613 1314 2656 eorum
1330 2591 1470 2655 uomina
1482 2590 1551 2654 reli·

500 2677 574 2765 quis
596 2678 755 2762 episcopis
778 2677 920 2741 indicare
938 2690 1148 2743 consueverat
1164 2677 1332 2741 ordinator
1340 2700 1359 2755 3·
1378 2691 1417 2740 ut
1437 2677 1551 2741 scireut

500 2764 542 2827 ad
556 2785 640 2850 quos
653 2763 803 2843 scribere,
819 2776 853 2827 et
866 2786 886 2827 a
901 2764 1019 2851 quibus
1034 2764 1182 2850 pacificas
1201 2763 1311 2829 literas
1329 2764 1483 2850 accipere
1496 2763 1550 2827 de·

499 2850 624 2927 herent,
646 2862 683 2912 ut
706 2848 860 2913 discimus
885 2872 925 2914 ex
947 2849 1125 2935 Theophili
1149 2849 1306 2935 Epistolis
1331 2848 1551 2913 paschalibus.

499 2936 710 2997 Vaaasws
755 2936 917 3019 Expunxit
939 2938 989 3013 rol,
1004 2935 1095 3022 quod
1116 2934 1284 3000 addiderat
1300 2935 1468 3014 Valesius,
1483 2948 1550 3000 aute

499 3023 588 3105 παρὰ
608 3019 705 3082 τούτου
728 3020 904 3084 Strothius.
935 3022 1053 3086 Nescit
1074 3020 1207 3109 quidem
1230 3021 1315 3085 illud
1334 3026 1375 3084 τὰ
1402 3018 1550 3106 Stephani

497 3105 577 3171 edit.
597 3127 672 3169 cum
693 3105 864 3190 Niceptom
885 3120 920 3170 et
941 3105 1096 3194 Syncello,
1112 3106 1295 3172 Valesianae
1317 3130 1397 3171 vero
1420 3105 1551 3172 lectioni

499 3192 745 3281 patrocinantur
759 3192 862 3256 MSS.
877 3193 971 3256 Bodl.
987 3209 1021 3256 et
1037 3192 1155 3279 Norfol
1172 3240 1181 3256 .

546 3280 665 3343 P.486.
685 3278 773 3342 l.14.
799 3284 840 3361 τῷ
864 3281 893 3341 δὲ
918 3283 1047 3365 Ἀρτεμᾷ
1071 3280 1148 3353 οὗτος
1170 3277 1357 3362 ὲπιςελλέτω]
1388 3280 1552 3358 Artem,

501 3386 599 3451 quem
615 3378 713 3448 atque
728 3364 915 3428 haereticum
927 3366 1142 3429 Artemonem
1155 3363 1293 3428 eundem
1307 3365 1411 3429 fuisse
1426 3367 1553 3430 abunde

500 3463 642 3528 constat,
652 3471 749 3514 senex
761 3450 893 3536 quidem
903 3450 1002 3514 fuisse
1014 3450 1185 3529 videretur,
1197 3451 1224 3513 si
1236 3450 1337 3515 modo
1348 3466 1470 3515 contra
1481 3473 1552 3516 eum

501 3535 675 3623 scripserit,
687 3536 777 3621 quod
790 3558 903 3599 omnes
918 3537 984 3600 fere
999 3550 1157 3614 statuunt,
1168 3551 1284 3601 auctor
1297 3536 1374 3601 libri
1390 3538 1478 3602 Caio
1489 3537 1554 3602 vul-

499 3644 547 3709 go
562 3620 689 3697 tributi,
726 3622 759 3684 ui
774 3624 895 3685 Parvus
909 3620 1127 3708 labyrinthus
1140 3623 1336 3687 inscribitur.
1383 3625 1465 3688 Hoc
1481 3645 1553 3688 vero

498 3709 551 3774 vix
566 3644 788 3791 colligendum
810 3720 859 3770 est
879 3730 919 3770 ex
941 3707 1132 3794 fragmentis
1156 3708 1246 3795 ipsis,
1262 3732 1335 3794 quae
1357 3731 1400 3773 ex
1420 3710 1481 3773 illo
1500 3732 1552 3774 ex·

500 3794 621 3879 cerpsit
641 3814 739 3876 opere
762 3793 921 3856 Eusebius
943 3793 1000 3857 lib.
1014 3818 1044 3856 v.
1059 3793 1149 3858 Hist.
1165 3816 1238 3879 cap.
1253 3795 1313 3858 ult.
1357 3795 1483 3880 Neque
1501 3817 1553 3859 ne·

500 3901 590 3942 cesse
604 3900 685 3954 esse,
694 3892 732 3942 ut
746 3878 791 3940 ita
804 3878 1005 3963 intelligatur
1018 3880 1190 3957 Eusebius,
1202 3880 1279 3943 satis
1291 3881 1453 3965 probasse
1465 3882 1553 3946 vide-

500 3976 565 4042 tur,
581 3977 619 4027 ut
632 3977 707 4027 ante
723 3963 842 4027 ibidem
866 3963 932 4026 dixi
953 3964 995 4027 ad
1015 3986 1093 4049 pag.
1107 3980 1158 4029 2ο.
1172 3965 1270 4052 hujus
1285 3966 1350 4030 vol.
1367 3966 1416 4030 vir
1428 3967 1553 4032 doctis·

501 4051 604 4114 simus
628 4051 695 4112 Pet.
714 4049 965 4134 Wesselingius,
987 4049 1120 4114 Probah.
1145 4073 1206 4136 cap
1225 4067 1278 4114 21.
1303 4051 1363 4115 ubi
1385 4054 1554 4139 quaeritur,

499 4135 663 4198 Artemon
684 4135 821 4197 fueritne
845 4136 1019 4199 Theodoto
1039 4136 1175 4199 coriario
1194 4138 1369 4223 antiquior,
1393 4141 1554 4204 recentior

500 4234 612 4284 autem
634 4218 815 4283 ostenditur
836 4221 935 4284 fuisse
956 4244 997 4284 ex
1018 4221 1082 4285 hoc
1103 4223 1249 4305 epistolae
1273 4223 1444 4309 synodicae
1467 4225 1553 4302 loco,

525 4305 655 4369 uoniam
672 4304 697 4365 si
713 4320 860 4368 mortuus
875 4306 988 4371 fuisset
1001 4307 1203 4390 temporibus
1218 4308 1289 4372 istis
1304 4309 1495 4390 haereticus,
1510 4312 1554 4376 ita

500 4329 543 4455 de
560 4412 601 4452 eo
622 4389 673 4452 vix
691 4389 899 4473 loquerentur
913 4408 1031 4476 patres.
1067 4394 1192 4456 Tamen
1206 4396 1400 4460 Artemonis
1415 4397 1554 4475 haeresin

500 4499 522 4540 a
544 4476 643 4539 Paulo
664 4488 846 4538 renovatam
869 4477 966 4540 fuisse
989 4478 1177 4560 temporibus
1200 4480 1266 4543 sais
1286 4481 1334 4545 ait
1356 4482 1434 4546 loco
1458 4504 1554 4568 supra

501 4561 590 4625 dicto
606 4559 776 4637 Eusebius,
786 4561 875 4644 quod
886 4563 1003 4647 probat
1014 4565 1160 4628 nonnihil
1174 4581 1262 4630 certe
1276 4569 1437 4653 temporis
1453 4569 1551 4633 inter-

501 4645 633 4710 cessisse
652 4646 736 4708 inter
755 4646 895 4730 primum
911 4647 1102 4713 Artemonis
1114 4664 1225 4714 ortum
1244 4666 1278 4716 et
1299 4653 1552 4719 Samosatenum

503 4731 649 4809 Paulum,
671 4744 839 4820 utcunque
858 4732 1014 4797 vetustior
1034 4736 1216 4804 Artemone
1235 4738 1338 4807 fuerit
1357 4738 1553 4830 Labyrintlti
