4092 5675
510 728 576 840 ..ρ
842 722 1210 804 ,auuorarmuss
1312 813 1314 820 Ι

510 922 596 981 sorra
617 895 688 973 ἕλοις
710 896 797 962 ἔτεσιν
812 897 871 962 &c
894 896 972 961 nihil
994 909 1101 962 tamen
1119 896 1240 962 idcirco
1253 893 1548 985 apudIAfiicanum

510 982 695 1066 addendum
708 998 767 1048 est.
796 984 945 1070 Legerim
962 998 1069 1049 autem
1084 982 1181 1070 paulo
1194 994 1267 1048 ante
1281 982 1330 1048 nal
1344 987 1359 1047 l
1372 987 1413 1050 rii
1424 984 1548 1066 adram,

510 1085 543 1134 et
559 1069 650 1147 infra,
665 1069 769 1145 οἵτινες
783 1091 841 1155 pro
857 1069 907 1132 nal
919 1095 998 1143 τινες.
1522 1109 1524 1116 -

554 1155 589 1218 Ρ.
605 1168 669 1219 158.
685 1155 708 1219 l.
724 1163 768 1219 16.
792 1154 822 1219 ἔκ
840 1182 876 1241 γε
895 1157 959 1218 reiis
976 1162 1025 1219 τοῦ
1045 1151 1283 1241 συγγράμματος]
1302 1151 1472 1239 Scriptum
1488 1153 1546 1228 tli-

509 1239 603 1327 cujus
616 1240 755 1306 auctoris
770 1255 843 1305 ante
859 1240 1040 1305 laudaverat
1055 1240 1237 1304 Africanus.
1277 1239 1474 1306 Particulam
1488 1263 1543 1308 au·

508 1336 574 1390 tem
591 1351 626 1409 γε
642 1348 700 1412 pro
715 1354 746 1389 τε
762 1340 826 1390 tam
842 1349 881 1390 ex
899 1326 1030 1413 Georgia
1055 1322 1201 1409 Syncello
1243 1347 1324 1391 auca
1341 1324 1463 1394 horum
1478 1347 1544 1394 ver-

507 1411 624 1476 borum
640 1411 789 1477 afferente
803 1410 844 1476 ad
862 1433 937 1498 pag.
953 1425 1019 1502 lte.
1036 1432 1132 1497 quam
1154 1433 1194 1475 ex
1214 1346 1298 1476 dealt
1341 1434 1379 1477 ro
1392 1411 1426 1476 in
1443 1411 1541 1478 Eme·

509 1494 609 1561 liniris
623 1495 664 1561 ad
679 1519 755 1584 pag.
768 1512 816 1561 25.
832 1497 970 1583 reposui.
1000 1496 1135 1582 Legitur
1150 1496 1281 1584 quidem
1296 1433 1342 1562 rbi
1355 1495 1445 1583 apud
1461 1497 1542 1586 Syn·

508 1581 638 1662 cellum,
655 1582 686 1645 in
705 1609 741 1667 γε
759 1583 834 1646 τοῦδε
852 1608 882 1646 σ.
897 1583 1018 1647 omisso
1032 1580 1167 1647 articulo
1181 1588 1248 1648 roi:
1269 1581 1325 1647 sed
1343 1579 1432 1682 apud
1449 1569 1541 1658 eund.

507 1667 549 1733 ad
564 1690 596 1753 p.
607 1674 657 1732 63.
673 1668 729 1733 ubi
744 1668 852 1732 omnia
871 1668 936 1732 fere
959 1667 1055 1756 hujus
1074 1668 1187 1755 ρἦεως,
1203 1683 1239 1732 ut
1255 1667 1332 1746 dixi,
1348 1667 1425 1734 hrnc
1443 1689 1542 1756 usque

506 1754 548 1819 ad
565 1754 657 1824 limem
674 1752 744 1840 ejus
758 1767 954 1839 comparent,
968 1754 1013 1818 sic
1028 1776 1062 1818 se
1078 1754 1172 1818 verba
1187 1753 1317 1834 babent,
1328 1758 1360 1818 ia
1374 1753 1403 1816 δὲ
1413 1753 1497 1842 ¹apriis
1508 1757 1542 1819 ri

506 1864 539 1904 σ.
561 1839 701 1937 Vigerus
716 1851 824 1903 autem
838 1840 871 1904 in
882 1839 976 1903 Notis
986 1838 1028 1903 ad
1040 1840 1212 1905 Eusebium
1228 1839 1260 1904 h.
1271 1838 1294 1903 l.
1305 1837 1501 1938 particulam
1514 1864 1541 1906 rr

505 1939 632 1989 monuit
647 1937 704 1988 aut
718 1924 962 2011 expungendam
976 1946 1057 2004 esse,
1068 1940 1125 1990 aut
1138 1924 1177 1990 ali
1203 1925 1258 1990 uid
1272 1923 1361 1990 ahud
1374 1917 1540 2012 postulari

551 2010 585 2073 P.
602 2024 667 2088 ¹⁵9·
682 2010 704 2073 l.
717 2024 747 2074 2.
770 2012 818 2074 ἀπ’
833 2009 981 2096 Αἰγόσῖσυ]
1006 2011 1057 2076 lta
1078 1948 1240 2120 Syncellus
1254 2009 1387 2098 adpag.
1399 2011 1539 2080 '6355oe-

504 2093 649 2243 ligerque
669 2094 701 2159 iu
723 2094 916 2160 Eusebianir.
959 2097 1048 2161 Nam
1063 2100 1197 2195 Aryualor
1212 2095 1316 2161 solum
1339 2096 1442 2166 habet
1462 2086 1539 2184 Sya-

506 2201 539 2245 ce
553 2179 601 2244 lus
625 2179 666 2244 ad
687 2202 762 2267 pag.
781 2195 847 2247 148.
874 2194 970 2269 atque
991 2181 1144 2246 Eusebius
1164 2181 1275 2260 editas,
1294 2181 1353 2246 ubi
1377 2196 1488 2248 tamen
1509 2180 1539 2254 iu

504 2266 583 2333 MS.
601 2264 678 2332 coll.
696 2267 728 2331 S.
739 2257 832 2331 ΙΪοσσι.
850 2267 970 2353 legitur
989 2268 1136 2351 Αἰγότῖου.
1179 2265 1289 2332 Habet
1312 2289 1354 2331 ue
1378 2267 1471 2334 Geor
1495 2267 1539 2332 'ds

420 2346 425 2358 ’
503 2352 736 2438 Trapezuntius
749 2367 822 2418 ante
835 2355 950 2418 Graeca
963 2354 1050 2420 edita
1061 2353 1215 2438 interpres
1229 2351 1266 2417 ul
1277 2290 1436 2442 digypto.
1494 2353 1538 2428 ix·

503 2451 572 2503 erat
593 2438 634 2503 ad
656 2438 830 2504 Eusebium
844 2440 995 2524 Vigerus,
1018 2444 1040 2478 “
1051 2436 1135 2503 Dele
1157 2438 1239 2501 hanc
1259 2460 1372 2504 vocem
1392 2437 1537 2526 Aiyuslsr,

503 2531 646 2589 “autre
670 2547 731 2589 one
744 2526 791 2587 ἀπ’
807 2525 976 2610 AlyialonJ'
1011 2525 1062 2589 Ita
1080 2523 1147 2588 ille.
1184 2524 1269 2590 Mox
1287 2522 1463 2594 articulum
1482 2523 1537 2592 ad·

502 2609 570 2676 didi
585 2630 624 2672 ex
639 2546 790 2696 dyncello
805 2623 877 2674 ante
893 2608 1017 2694 πρώτην.
1225 2676 1227 2686 ,

548 2694 631 2758 Ibid.
650 2695 671 2757 l.
685 2709 715 2759 4.
745 2696 935 2781 δεεχὸήσετσσ]
958 2695 1085 2759 Mavult
1105 2695 1212 2780 legere
1233 2692 1365 2775 delusurus
1386 2693 1429 2759 Vr
1475 2717 1537 2770 rue.

503 2777 619 2846 Statim
635 2793 709 2867 post
722 2779 791 2845 roci
805 2780 910 2866 πρώτης
924 2781 1033 2846 addidi
1048 2779 1216 2845 articulum
1233 2803 1272 2845 ex
1284 2779 1415 2845 Eusebii
1475 2779 1537 2847 Sto.

547 2865 630 2929 Ibid.
645 2866 667 2929 l.
680 2873 710 2929 6.
732 2867 894 2951 βασιλείας]
909 2869 957 2930 Ex
973 2865 1114 2953 Syncello
1130 2880 1162 2931 at
1187 2889 1227 2931 ue
1243 2864 1372 2934 Euselii
1385 2866 1467 2933 MS.
1503 2890 1536 2935 ro

501 2951 641 3032 βασιλέως
663 2951 726 3014 hoc
748 2952 851 3036 posui.
870 2990 872 2995 ·
897 2951 984 3017 lnfra
1006 2951 1102 3016 simili
1123 2889 1252 3019 induco
1265 2951 1314 3037 ¹ad
1336 2890 1536 3041 p.1613193.

500 3035 649 3118 βασιλείας
662 3050 759 3101 extat.
1328 3038 1332 3044 ¹

546 3121 629 3185 Ibid.
643 3122 664 3185 l.
679 3135 717 3207 7.Ι
735 3121 780 3200 ἔτη
804 3120 884 3207 adst]
909 3121 1048 3186 Exhibet
1072 3122 1240 3211 Syncellus
1265 3118 1327 3187 σμ’.
1352 3144 1391 3187 ac
1413 3144 1541 3211 semper.

502 3205 651 3294 deinceps
666 3206 756 3294 ᾳσλέ.
772 3230 829 3294 pro
845 3208 984 3271 numeris
999 3207 1094 3294 ᾳσλζ.
1126 3210 1229 3273 Pauca
1243 3206 1313 3273 haec
1325 3208 1422 3273 verba
1436 3210 1536 3277 Euse-

501 3292 602 3358 Irimzir
617 3293 681 3357 suis
697 3317 865 3381 nusquam,
880 3293 968 3380 quod
988 3294 1098 3372 sciam,
1114 3295 1257 3380 Scaliger
1274 3294 1419 3374 inseruit,
1434 3294 1537 3361 sedin

500 3379 608 3444 alteris
625 3381 764 3444 numeris
780 3379 873 3466 ᾳσλζ.
894 3379 1012 3443 variant
1032 3379 1131 3464 ipsius
1154 3378 1354 3466 Syncelliana
1375 3394 1536 3468 excerpta.

500 3466 586 3530 Vide
611 3465 761 3530 Chronica
785 3467 902 3529 Euseb.
925 3487 957 3551 p.
977 3481 1028 3529 25.
1048 3479 1081 3528 et
1093 3464 1262 3531 Aniruudu.
1283 3485 1340 3551 pp.
1361 3481 1412 3530 20.
1432 3480 1468 3532 et
1487 3480 1534 3533 22.

499 3551 589 3616 Nata
614 3565 719 3615 autem
745 3551 876 3614 varietas
901 3565 950 3614 est
975 3573 1013 3614 cx
1040 3551 1278 3615 enumeratione
1299 3573 1370 3637 quae
1393 3552 1537 3639 sequitur

500 3658 657 3787 ”iiiii
674 3636 873 3806 {milliiiil
890 3636 1535 3810 111Ἒξῑῖὲιῗὲἰὲΐὲᾂῖῇῗξξῖ11...

622 3770 629 3784 ·
658 3769 665 3783 ·
701 3770 708 3784 ·
1312 3770 1323 3802 r

500 3831 890 3978 ‘velbldpriaillipilzidblcg]
917 3893 1026 3957 Habet
1051 3890 1211 3979 syncellus
1237 3892 1479 3977 ἀναλογιζόμενος,
1504 3906 1537 3963 et

500 4001 577 4044 mox
591 3979 745 4063 ἀναλογίαν
760 4001 817 4062 pro
831 3979 974 4042 ἀνάλυσιν.
1010 3979 1073 4042 Sed
1091 3980 1206 4042 rectius
1222 3977 1385 4043 Eusebium
1507 3994 1512 4011 ’

543 4065 627 4127 lbid.
643 4064 663 4128 l.
676 4084 705 4142 9.
728 4067 765 4126 rol
788 4064 897 4148 prad]
915 4064 1096 4127 Articulum
1117 4063 1225 4129 addidi
1246 4086 1286 4129 ex
1309 4063 1466 4152 Syncello,
1481 4064 1536 4155 qui

500 4162 538 4213 ut
552 4151 650 4212 modo
667 4151 742 4228 dixi,
758 4172 906 4213 numeros
920 4150 1010 4234 ᾳσλε’.
1026 4150 1133 4213 habet.

545 4233 627 4297 Ibid.
642 4233 662 4296 l.
681 4250 723 4297 12.
746 4235 773 4308 ὃς
787 4235 890 4299 ἔκτισεν
904 4235 1068 4318 Ἐλευσῖνα]
1080 4234 1250 4320 Scripsisse
1266 4236 1454 4301 Pausaniam
1470 4259 1535 4303 non

500 4319 541 4385 ab
565 4321 695 4404 Ogyge,
717 4319 771 4382 sed
798 4323 838 4384 ab
862 4320 1009 4384 Eleusine
1033 4321 1159 4406 Ogygis
1183 4320 1258 4400 lilio,
1280 4321 1443 4387 conditam
1466 4343 1536 4389 esse

499 4405 693 4483 Eleusinem,
710 4421 799 4469 norat
815 4406 957 4492 Scaliger
971 4405 1011 4469 ad
1030 4406 1177 4470 Chronica
1194 4406 1308 4470 Euseb.
1324 4428 1356 4492 p.
1367 4422 1418 4472 2ο.

544 4491 628 4555 Ibid.
643 4489 664 4553 l.
682 4505 727 4552 15.
750 4491 859 4574 Ὀλίγα
873 4494 900 4553 δὲ
914 4490 1016 4554 τούτων
1031 4496 1056 4554 ἐν
1074 4490 1231 4578 Ἀσσυρίοις
1248 4493 1325 4577 &c.]
1342 4492 1463 4559 Omnia
1476 4493 1533 4559 de-

499 4577 621 4661 sumpsi
642 4598 742 4662 usque
763 4575 803 4640 ad
824 4577 887 4653 illa,
906 4579 964 4639 Kal
981 4579 1170 4659 τοσαῦταμὲν
1186 4579 1244 4662 arpi
1265 4579 1396 4665 Ὠγύγου
1412 4580 1474 4645 dec.
1493 4578 1535 4646 ad

498 4682 573 4751 pag.
588 4669 655 4729 160.
669 4661 725 4730 lin.
736 4680 768 4745 9.
784 4683 825 4729 ex
838 4662 980 4753 Syncelli
992 4661 1244 4753 Cdroaagraplria
1254 4663 1297 4732 ed
1306 4686 1383 4754 pag.
1394 4672 1446 4736 64.
1458 4687 1534 4735 cum
