<?xml version="1.0" encoding="UTF-8"?>
<!DOCTYPE html PUBLIC "-//W3C//DTD XHTML 1.0 Transitional//EN"
    "http://www.w3.org/TR/xhtml1/DTD/xhtml1-transitional.dtd">
<html xmlns="http://www.w3.org/1999/xhtml" xml:lang="en" lang="en">
 <head>
  <title>
</title>
<meta http-equiv="Content-Type" content="text/html;charset=utf-8" />
  <meta name='ocr-system' content='tesseract 3.04.00' />
  <meta name='ocr-capabilities' content='ocr_page ocr_carea ocr_par ocr_line ocrx_word'/>
</head>
<body>
  <div class='ocr_page' id='page_1' title='image "./reliquiaesacrae09routgoog_0295.png"; bbox 0 0 4092 5675; ppageno 0'>
   <div class='ocr_carea' id='block_1_1' title="bbox 730 731 1536 847">
    <p class='ocr_par' dir='ltr' id='par_1_1' title="bbox 730 731 1536 847">
     <span class='ocr_line' id='line_1_1' title="bbox 730 731 1536 847; baseline 0.006 -21"><span class='ocrx_word' id='word_1_1' title='bbox 730 760 782 828; x_wconf 86' lang='lat' dir='ltr'>m</span> <span class='ocrx_word' id='word_1_2' title='bbox 802 731 1024 826; x_wconf 69' lang='lat' dir='ltr'>arricum</span> <span class='ocrx_word' id='word_1_3' title='bbox 1048 731 1304 829; x_wconf 78' lang='lat' dir='ltr'>cnaourcn.</span> <span class='ocrx_word' id='word_1_4' title='bbox 1471 731 1536 847; x_wconf 62' lang='lat'>495·</span> 
     </span>
    </p>
   </div>
   <div class='ocr_carea' id='block_1_2' title="bbox 468 923 1622 4841">
    <p class='ocr_par' dir='ltr' id='par_1_2' title="bbox 499 923 1536 1022">
     <span class='ocr_line' id='line_1_2' title="bbox 499 923 1536 1022; baseline -0.006 -24"><span class='ocrx_word' id='word_1_5' title='bbox 499 923 622 1022; x_wconf 81' lang='lat' dir='ltr'>opinio,</span> <span class='ocrx_word' id='word_1_6' title='bbox 636 953 701 1020; x_wconf 84' lang='lat' dir='ltr'>quo</span> <span class='ocrx_word' id='word_1_7' title='bbox 720 930 923 1018; x_wconf 77' lang='lat' dir='ltr'><strong>septuaginta</strong></span> <span class='ocrx_word' id='word_1_8' title='bbox 942 927 1016 996; x_wconf 88' lang='lat' dir='ltr'>anni</span> <span class='ocrx_word' id='word_1_9' title='bbox 1036 930 1171 1018; x_wconf 80' lang='lat' dir='ltr'>coepisse</span> <span class='ocrx_word' id='word_1_10' title='bbox 1189 941 1372 996; x_wconf 84' lang='lat' dir='ltr'>statuuntur</span> <span class='ocrx_word' id='word_1_11' title='bbox 1391 951 1411 994; x_wconf 86' lang='lat' dir='ltr'>a</span> <span class='ocrx_word' id='word_1_12' title='bbox 1427 927 1536 1016; x_wconf 83' lang='lat' dir='ltr'>priore¹</span> 
     </span>
    </p>

    <p class='ocr_par' dir='ltr' id='par_1_3' title="bbox 496 1013 1622 2302">
     <span class='ocr_line' id='line_1_3' title="bbox 607 1013 1538 1118; baseline -0.008 -34"><span class='ocrx_word' id='word_1_13' title='bbox 607 1017 700 1118; x_wconf 72' lang='lat' dir='ltr'>regni</span> <span class='ocrx_word' id='word_1_14' title='bbox 712 1016 884 1095; x_wconf 71' lang='lat' dir='ltr'>touchant,</span> <span class='ocrx_word' id='word_1_15' title='bbox 899 1016 1029 1103; x_wconf 87' lang='lat' dir='ltr'>quando</span> <span class='ocrx_word' id='word_1_16' title='bbox 1048 1016 1261 1102; x_wconf 85' lang='lat' dir='ltr'>captivitatem</span> <span class='ocrx_word' id='word_1_17' title='bbox 1277 1017 1370 1081; x_wconf 87' lang='lat' dir='ltr'>istam</span> <span class='ocrx_word' id='word_1_18' title='bbox 1387 1013 1538 1100; x_wconf 87' lang='lat' dir='ltr'>praedixit·</span> 
     </span>
     <span class='ocr_line' id='line_1_4' title="bbox 497 1029 1532 1189; baseline -0.004 -21"><span class='ocrx_word' id='word_1_19' title='bbox 497 1029 698 1182; x_wconf 40' lang='lat' dir='ltr'>Kosmas,</span> <span class='ocrx_word' id='word_1_20' title='bbox 711 1118 745 1172; x_wconf 92' lang='lat' dir='ltr'>et</span> <span class='ocrx_word' id='word_1_21' title='bbox 765 1102 860 1166; x_wconf 83' lang='lat' dir='ltr'>multi</span> <span class='ocrx_word' id='word_1_22' title='bbox 882 1101 1003 1166; x_wconf 88' lang='lat' dir='ltr'>nobiles</span> <span class='ocrx_word' id='word_1_23' title='bbox 1025 1102 1141 1189; x_wconf 87' lang='lat' dir='ltr'>captivi</span> <span class='ocrx_word' id='word_1_24' title='bbox 1164 1102 1203 1165; x_wconf 89' lang='lat' dir='ltr'>ad</span> <span class='ocrx_word' id='word_1_25' title='bbox 1228 1102 1428 1189; x_wconf 84' lang='lat' dir='ltr'><strong>Babylonem</strong></span> <span class='ocrx_word' id='word_1_26' title='bbox 1443 1099 1532 1176; x_wconf 85' lang='lat' dir='ltr'>ducti</span> 
     </span>
     <span class='ocr_line' id='line_1_5' title="bbox 498 1187 1532 1335; baseline -0.003 -83"><span class='ocrx_word' id='word_1_27' title='bbox 498 1193 587 1267; x_wconf 57' lang='lat' dir='ltr'>sunt</span> <span class='ocrx_word' id='word_1_28' title='bbox 597 1188 886 1335; x_wconf 43' lang='lat' dir='ltr'>stipendiariusssue</span> <span class='ocrx_word' id='word_1_29' title='bbox 901 1188 1004 1252; x_wconf 87' lang='lat' dir='ltr'>factus</span> <span class='ocrx_word' id='word_1_30' title='bbox 1018 1204 1067 1252; x_wconf 91' lang='lat' dir='ltr'>est</span> <span class='ocrx_word' id='word_1_31' title='bbox 1080 1187 1278 1267; x_wconf 87' lang='lat' dir='ltr'>Joachimus.</span> <span class='ocrx_word' id='word_1_32' title='bbox 1305 1187 1425 1252; x_wconf 83' lang='lat' dir='ltr'>Saltem</span> <span class='ocrx_word' id='word_1_33' title='bbox 1440 1207 1532 1250; x_wconf 90' lang='lat' dir='ltr'>com-</span> 
     </span>
     <span class='ocr_line' id='line_1_6' title="bbox 496 1273 1540 1362; baseline -0.004 -24"><span class='ocrx_word' id='word_1_34' title='bbox 496 1273 622 1360; x_wconf 74' lang='lat' dir='ltr'>putatis</span> <span class='ocrx_word' id='word_1_35' title='bbox 642 1295 756 1362; x_wconf 88' lang='lat' dir='ltr'>regum</span> <span class='ocrx_word' id='word_1_36' title='bbox 778 1274 821 1337; x_wconf 88' lang='lat' dir='ltr'>Ju</span> <span class='ocrx_word' id='word_1_37' title='bbox 846 1294 965 1336; x_wconf 85' lang='lat' dir='ltr'>aeorum</span> <span class='ocrx_word' id='word_1_38' title='bbox 994 1274 1084 1337; x_wconf 85' lang='lat' dir='ltr'>annis</span> <span class='ocrx_word' id='word_1_39' title='bbox 1107 1295 1170 1336; x_wconf 89' lang='lat' dir='ltr'>non</span> <span class='ocrx_word' id='word_1_40' title='bbox 1191 1284 1298 1358; x_wconf 90' lang='lat' dir='ltr'>potest</span> <span class='ocrx_word' id='word_1_41' title='bbox 1323 1295 1386 1335; x_wconf 93' lang='lat' dir='ltr'>non</span> <span class='ocrx_word' id='word_1_42' title='bbox 1414 1279 1540 1348; x_wconf 65' lang='lat' dir='ltr'>retruso-⁸</span> 
     </span>
     <span class='ocr_line' id='line_1_7' title="bbox 498 1357 1622 1443; baseline -0.003 -19"><span class='ocrx_word' id='word_1_43' title='bbox 498 1357 562 1424; x_wconf 82' lang='lat' dir='ltr'>tari</span> <span class='ocrx_word' id='word_1_44' title='bbox 587 1359 721 1424; x_wconf 85' lang='lat' dir='ltr'>servitus</span> <span class='ocrx_word' id='word_1_45' title='bbox 742 1358 783 1423; x_wconf 85' lang='lat' dir='ltr'>ad</span> <span class='ocrx_word' id='word_1_46' title='bbox 809 1375 955 1443; x_wconf 85' lang='lat' dir='ltr'>tempora</span> <span class='ocrx_word' id='word_1_47' title='bbox 978 1375 1052 1421; x_wconf 89' lang='lat' dir='ltr'>ante</span> <span class='ocrx_word' id='word_1_48' title='bbox 1075 1358 1256 1434; x_wconf 89' lang='lat' dir='ltr'>Zedeciam,</span> <span class='ocrx_word' id='word_1_49' title='bbox 1283 1357 1309 1420; x_wconf 94' lang='lat' dir='ltr'>si</span> <span class='ocrx_word' id='word_1_50' title='bbox 1333 1358 1431 1422; x_wconf 86' lang='lat' dir='ltr'>altera</span> <span class='ocrx_word' id='word_1_51' title='bbox 1455 1378 1532 1442; x_wconf 90' lang='lat' dir='ltr'>epo·</span> <span class='ocrx_word' id='word_1_52' title='bbox 1617 1374 1622 1384; x_wconf 92' lang='grc'><strong><em>·</em></strong></span> 
     </span>
     <span class='ocr_line' id='line_1_8' title="bbox 497 1442 1532 1534; baseline -0.002 -27"><span class='ocrx_word' id='word_1_53' title='bbox 497 1443 563 1508; x_wconf 82' lang='lat' dir='ltr'>cha</span> <span class='ocrx_word' id='word_1_54' title='bbox 583 1443 772 1534; x_wconf 86' lang='lat' dir='ltr'>Babylonici</span> <span class='ocrx_word' id='word_1_55' title='bbox 788 1442 868 1531; x_wconf 92' lang='lat' dir='ltr'>Cyri</span> <span class='ocrx_word' id='word_1_56' title='bbox 885 1443 1022 1528; x_wconf 87' lang='lat' dir='ltr'>imperii,</span> <span class='ocrx_word' id='word_1_57' title='bbox 1038 1445 1170 1530; x_wconf 89' lang='lat' dir='ltr'><strong>Olymp.</strong></span> <span class='ocrx_word' id='word_1_58' title='bbox 1183 1450 1232 1506; x_wconf 86' lang='lat'>60.</span> <span class='ocrx_word' id='word_1_59' title='bbox 1244 1458 1274 1506; x_wconf 85' lang='lat' dir='ltr'>a.</span> <span class='ocrx_word' id='word_1_60' title='bbox 1289 1464 1364 1506; x_wconf 90' lang='lat' dir='ltr'>cum</span> <span class='ocrx_word' id='word_1_61' title='bbox 1380 1443 1441 1506; x_wconf 85' lang='lat' dir='ltr'>fine</span> <span class='ocrx_word' id='word_1_62' title='bbox 1456 1462 1532 1528; x_wconf 87' lang='lat' dir='ltr'>cap-</span> 
     </span>
     <span class='ocr_line' id='line_1_9' title="bbox 498 1523 1533 1628; baseline -0.002 -34"><span class='ocrx_word' id='word_1_63' title='bbox 498 1523 632 1596; x_wconf 82' lang='lat' dir='ltr'>tivitatis</span> <span class='ocrx_word' id='word_1_64' title='bbox 658 1529 835 1607; x_wconf 85' lang='lat' dir='ltr'>conveniat,</span> <span class='ocrx_word' id='word_1_65' title='bbox 860 1528 915 1594; x_wconf 90' lang='lat' dir='ltr'>illa</span> <span class='ocrx_word' id='word_1_66' title='bbox 940 1529 1025 1594; x_wconf 92' lang='lat' dir='ltr'>enim</span> <span class='ocrx_word' id='word_1_67' title='bbox 1048 1530 1142 1593; x_wconf 91' lang='lat' dir='ltr'>morti</span> <span class='ocrx_word' id='word_1_68' title='bbox 1166 1528 1246 1615; x_wconf 90' lang='lat' dir='ltr'>Cyri</span> <span class='ocrx_word' id='word_1_69' title='bbox 1266 1550 1379 1591; x_wconf 87' lang='lat' dir='ltr'>novem</span> <span class='ocrx_word' id='word_1_70' title='bbox 1403 1548 1533 1628; x_wconf 82' lang='lat' dir='ltr'>quoque</span> 
     </span>
     <span class='ocr_line' id='line_1_10' title="bbox 496 1613 1532 1702; baseline 0 -25"><span class='ocrx_word' id='word_1_71' title='bbox 496 1633 603 1700; x_wconf 75' lang='lat' dir='ltr'>annos</span> <span class='ocrx_word' id='word_1_72' title='bbox 622 1615 786 1702; x_wconf 85' lang='lat' dir='ltr'>praecedit.</span> <span class='ocrx_word' id='word_1_73' title='bbox 831 1615 916 1678; x_wconf 91' lang='lat' dir='ltr'>Hinc</span> <span class='ocrx_word' id='word_1_74' title='bbox 935 1613 992 1692; x_wconf 86' lang='lat' dir='ltr'>illi,</span> <span class='ocrx_word' id='word_1_75' title='bbox 1008 1615 1063 1701; x_wconf 88' lang='lat' dir='ltr'>qui</span> <span class='ocrx_word' id='word_1_76' title='bbox 1086 1614 1215 1700; x_wconf 87' lang='lat' dir='ltr'>perinde</span> <span class='ocrx_word' id='word_1_77' title='bbox 1238 1627 1334 1699; x_wconf 87' lang='lat' dir='ltr'>atque</span> <span class='ocrx_word' id='word_1_78' title='bbox 1348 1613 1532 1693; x_wconf 77' lang='lat' dir='ltr'>Africanus,</span> 
     </span>
     <span class='ocr_line' id='line_1_11' title="bbox 497 1698 1535 1788; baseline -0.001 -24"><span class='ocrx_word' id='word_1_79' title='bbox 497 1698 717 1788; x_wconf 85' lang='lat' dir='ltr'>captivitatem</span> <span class='ocrx_word' id='word_1_80' title='bbox 736 1701 777 1764; x_wconf 87' lang='lat' dir='ltr'>ab</span> <span class='ocrx_word' id='word_1_81' title='bbox 800 1699 890 1764; x_wconf 88' lang='lat' dir='ltr'>initio</span> <span class='ocrx_word' id='word_1_82' title='bbox 913 1700 1002 1786; x_wconf 88' lang='lat' dir='ltr'>regni</span> <span class='ocrx_word' id='word_1_83' title='bbox 1021 1700 1179 1780; x_wconf 89' lang='lat' dir='ltr'>Zedeciae,</span> <span class='ocrx_word' id='word_1_84' title='bbox 1200 1699 1328 1786; x_wconf 92' lang='lat' dir='ltr'>quando</span> <span class='ocrx_word' id='word_1_85' title='bbox 1348 1699 1431 1785; x_wconf 89' lang='lat' dir='ltr'>regis</span> <span class='ocrx_word' id='word_1_86' title='bbox 1449 1699 1535 1786; x_wconf 88' lang='lat' dir='ltr'>prio-</span> 
     </span>
     <span class='ocr_line' id='line_1_12' title="bbox 498 1783 1540 1872; baseline 0.001 -22"><span class='ocrx_word' id='word_1_87' title='bbox 498 1784 544 1850; x_wconf 87' lang='lat' dir='ltr'>ris</span> <span class='ocrx_word' id='word_1_88' title='bbox 558 1784 823 1850; x_wconf 89' lang='lat' dir='ltr'>filiusJechonias</span> <span class='ocrx_word' id='word_1_89' title='bbox 836 1785 978 1872; x_wconf 89' lang='lat' dir='ltr'>captivus</span> <span class='ocrx_word' id='word_1_90' title='bbox 992 1785 1221 1862; x_wconf 84' lang='lat' dir='ltr'>abductus&#39;est‚</span> <span class='ocrx_word' id='word_1_91' title='bbox 1235 1785 1415 1864; x_wconf 89' lang='lat' dir='ltr'>ordiuntur,</span> <span class='ocrx_word' id='word_1_92' title='bbox 1424 1783 1540 1871; x_wconf 61' lang='lat' dir='ltr'>Baby:</span> 
     </span>
     <span class='ocr_line' id='line_1_13' title="bbox 497 1867 1538 1960; baseline 0.002 -26"><span class='ocrx_word' id='word_1_93' title='bbox 497 1867 610 1936; x_wconf 74' lang='lat' dir='ltr'>Ionem</span> <span class='ocrx_word' id='word_1_94' title='bbox 631 1893 650 1935; x_wconf 90' lang='lat' dir='ltr'>a</span> <span class='ocrx_word' id='word_1_95' title='bbox 669 1869 760 1960; x_wconf 86' lang='lat' dir='ltr'>Cyro</span> <span class='ocrx_word' id='word_1_96' title='bbox 779 1885 906 1957; x_wconf 86' lang='lat' dir='ltr'>captam</span> <span class='ocrx_word' id='word_1_97' title='bbox 927 1870 1024 1935; x_wconf 88' lang='lat' dir='ltr'>fuisse</span> <span class='ocrx_word' id='word_1_98' title='bbox 1045 1870 1166 1949; x_wconf 91' lang='lat' dir='ltr'>volunt,</span> <span class='ocrx_word' id='word_1_99' title='bbox 1180 1869 1237 1934; x_wconf 90' lang='lat' dir='ltr'>diu</span> <span class='ocrx_word' id='word_1_100' title='bbox 1255 1882 1425 1957; x_wconf 90' lang='lat' dir='ltr'>postquam</span> <span class='ocrx_word' id='word_1_101' title='bbox 1446 1870 1538 1936; x_wconf 89' lang='lat' dir='ltr'>inva-·</span> 
     </span>
     <span class='ocr_line' id='line_1_14' title="bbox 497 1953 1541 2056; baseline -0.002 -34"><span class='ocrx_word' id='word_1_102' title='bbox 497 1953 593 2022; x_wconf 79' lang='lat' dir='ltr'>deret</span> <span class='ocrx_word' id='word_1_103' title='bbox 608 1955 663 2020; x_wconf 87' lang='lat' dir='ltr'>ille</span> <span class='ocrx_word' id='word_1_104' title='bbox 679 1956 910 2044; x_wconf 84' lang='lat' dir='ltr'>Babylonicum</span> <span class='ocrx_word' id='word_1_105' title='bbox 926 1956 1107 2056; x_wconf 73' lang='lat' dir='ltr'>imperium.</span> <span class='ocrx_word' id='word_1_106' title='bbox 1150 1955 1209 2020; x_wconf 91' lang='lat' dir='ltr'>Nil</span> <span class='ocrx_word' id='word_1_107' title='bbox 1228 1955 1349 2020; x_wconf 88' lang='lat' dir='ltr'>interea</span> <span class='ocrx_word' id='word_1_108' title='bbox 1371 1978 1453 2042; x_wconf 84' lang='lat' dir='ltr'>opus</span> <span class='ocrx_word' id='word_1_109' title='bbox 1474 1956 1541 2036; x_wconf 74' lang='lat' dir='ltr'>est,</span> 
     </span>
     <span class='ocr_line' id='line_1_15' title="bbox 498 2040 1535 2128; baseline 0 -21"><span class='ocrx_word' id='word_1_110' title='bbox 498 2053 539 2122; x_wconf 82' lang='lat' dir='ltr'>ut</span> <span class='ocrx_word' id='word_1_111' title='bbox 552 2041 624 2106; x_wconf 82' lang='lat' dir='ltr'>aliis</span> <span class='ocrx_word' id='word_1_112' title='bbox 637 2042 837 2128; x_wconf 88' lang='lat' dir='ltr'>quorundam</span> <span class='ocrx_word' id='word_1_113' title='bbox 852 2041 1015 2107; x_wconf 75' lang='lat' dir='ltr'>sententiis</span> <span class='ocrx_word' id='word_1_114' title='bbox 1027 2042 1080 2108; x_wconf 91' lang='lat' dir='ltr'>hic</span> <span class='ocrx_word' id='word_1_115' title='bbox 1095 2041 1236 2106; x_wconf 86' lang='lat' dir='ltr'>insistam</span> <span class='ocrx_word' id='word_1_116' title='bbox 1249 2040 1333 2105; x_wconf 88' lang='lat' dir='ltr'>circa</span> <span class='ocrx_word' id='word_1_117' title='bbox 1344 2041 1535 2127; x_wconf 84' lang='lat' dir='ltr'>captivitatis</span> 
     </span>
     <span class='ocr_line' id='line_1_16' title="bbox 499 2125 1536 2214; baseline 0 -23"><span class='ocrx_word' id='word_1_118' title='bbox 499 2125 612 2207; x_wconf 75' lang='lat' dir='ltr'>finem,</span> <span class='ocrx_word' id='word_1_119' title='bbox 625 2148 700 2191; x_wconf 90' lang='lat' dir='ltr'>cum</span> <span class='ocrx_word' id='word_1_120' title='bbox 715 2127 897 2207; x_wconf 84' lang='lat' dir='ltr'>Africanus,</span> <span class='ocrx_word' id='word_1_121' title='bbox 914 2126 953 2190; x_wconf 88' lang='lat' dir='ltr'>de</span> <span class='ocrx_word' id='word_1_122' title='bbox 968 2127 1018 2214; x_wconf 90' lang='lat' dir='ltr'>cuj</span> <span class='ocrx_word' id='word_1_123' title='bbox 1024 2150 1059 2191; x_wconf 90' lang='lat' dir='ltr'>us</span> <span class='ocrx_word' id='word_1_124' title='bbox 1072 2126 1194 2212; x_wconf 90' lang='lat' dir='ltr'>placitis</span> <span class='ocrx_word' id='word_1_125' title='bbox 1209 2125 1261 2190; x_wconf 93' lang='lat' dir='ltr'>hic</span> <span class='ocrx_word' id='word_1_126' title='bbox 1275 2125 1380 2189; x_wconf 86' lang='lat' dir='ltr'>solum</span> <span class='ocrx_word' id='word_1_127' title='bbox 1396 2127 1536 2212; x_wconf 84' lang='lat' dir='ltr'>agimus,</span> 
     </span>
     <span class='ocr_line' id='line_1_17' title="bbox 499 2207 1321 2302; baseline -0.006 -24"><span class='ocrx_word' id='word_1_128' title='bbox 499 2207 588 2280; x_wconf 66' lang='lat' dir='ltr'>anno</span> <span class='ocrx_word' id='word_1_129' title='bbox 601 2212 706 2302; x_wconf 90' lang='lat' dir='ltr'>primo</span> <span class='ocrx_word' id='word_1_130' title='bbox 722 2211 803 2300; x_wconf 88' lang='lat' dir='ltr'>Cyri</span> <span class='ocrx_word' id='word_1_131' title='bbox 816 2234 889 2277; x_wconf 87' lang='lat' dir='ltr'>eum</span> <span class='ocrx_word' id='word_1_132' title='bbox 907 2210 977 2298; x_wconf 91' lang='lat' dir='ltr'>plus</span> <span class='ocrx_word' id='word_1_133' title='bbox 993 2211 1091 2275; x_wconf 90' lang='lat' dir='ltr'>semel</span> <span class='ocrx_word' id='word_1_134' title='bbox 1106 2211 1321 2296; x_wconf 84' lang='lat' dir='ltr'>assignaverit.</span> 
     </span>
    </p>

    <p class='ocr_par' dir='ltr' id='par_1_4' title="bbox 499 2294 1536 2555">
     <span class='ocr_line' id='line_1_18' title="bbox 545 2294 1536 2381; baseline -0.002 -19"><span class='ocrx_word' id='word_1_135' title='bbox 545 2297 664 2373; x_wconf 63' lang='lat' dir='ltr'><strong>P3157.</strong></span> <span class='ocrx_word' id='word_1_136' title='bbox 679 2297 702 2362; x_wconf 91' lang='lat' dir='ltr'>l.</span> <span class='ocrx_word' id='word_1_137' title='bbox 717 2312 763 2362; x_wconf 76' lang='lat'>13.</span> <span class='ocrx_word' id='word_1_138' title='bbox 789 2296 835 2372; x_wconf 69' lang='lat' dir='ltr'>aa)</span> <span class='ocrx_word' id='word_1_139' title='bbox 855 2301 930 2360; x_wconf 77' lang='lat' dir='ltr'>aurai</span> <span class='ocrx_word' id='word_1_140' title='bbox 950 2300 1001 2370; x_wconf 77' lang='grc' dir='ltr'>τὰς</span> <span class='ocrx_word' id='word_1_141' title='bbox 1021 2294 1229 2381; x_wconf 78' lang='grc' dir='ltr'>Ὀλυμπιάδας]</span> <span class='ocrx_word' id='word_1_142' title='bbox 1257 2297 1404 2360; x_wconf 86' lang='lat' dir='ltr'>Fortasse</span> <span class='ocrx_word' id='word_1_143' title='bbox 1423 2295 1536 2381; x_wconf 82' lang='lat' dir='ltr'>legen·</span> 
     </span>
     <span class='ocr_line' id='line_1_19' title="bbox 499 2378 1535 2470; baseline -0.001 -22"><span class='ocrx_word' id='word_1_144' title='bbox 499 2379 582 2448; x_wconf 73' lang='lat' dir='ltr'>tium</span> <span class='ocrx_word' id='word_1_145' title='bbox 595 2383 619 2470; x_wconf 54' lang='lat' dir='ltr'>a}</span> <span class='ocrx_word' id='word_1_146' title='bbox 632 2387 671 2446; x_wconf 77' lang='grc' dir='ltr'>τοὶ</span> <span class='ocrx_word' id='word_1_147' title='bbox 686 2385 762 2447; x_wconf 73' lang='grc' dir='ltr'>κατὰ</span> <span class='ocrx_word' id='word_1_148' title='bbox 775 2410 804 2447; x_wconf 85' lang='grc' dir='ltr'>τ.</span> <span class='ocrx_word' id='word_1_149' title='bbox 819 2384 868 2446; x_wconf 88' lang='grc' dir='ltr'>Ὀ.</span> <span class='ocrx_word' id='word_1_150' title='bbox 907 2382 990 2446; x_wconf 86' lang='lat' dir='ltr'>Mox</span> <span class='ocrx_word' id='word_1_151' title='bbox 1003 2386 1043 2446; x_wconf 71' lang='lat' dir='ltr'>sd</span> <span class='ocrx_word' id='word_1_152' title='bbox 1056 2383 1083 2445; x_wconf 75' lang='grc' dir='ltr'>δὲ</span> <span class='ocrx_word' id='word_1_153' title='bbox 1098 2381 1156 2469; x_wconf 68' lang='grc' dir='ltr'>πρὸ</span> <span class='ocrx_word' id='word_1_154' title='bbox 1169 2378 1260 2446; x_wconf 66' lang='lat' dir='ltr'>rarat</span> <span class='ocrx_word' id='word_1_155' title='bbox 1274 2402 1333 2467; x_wconf 89' lang='lat' dir='ltr'>pro</span> <span class='ocrx_word' id='word_1_156' title='bbox 1347 2385 1398 2456; x_wconf 70' lang='grc' dir='ltr'>τὰς</span> <span class='ocrx_word' id='word_1_157' title='bbox 1411 2382 1439 2444; x_wconf 78' lang='grc' dir='ltr'>δὲ</span> <span class='ocrx_word' id='word_1_158' title='bbox 1452 2408 1491 2445; x_wconf 78' lang='lat' dir='ltr'>ur.</span> <span class='ocrx_word' id='word_1_159' title='bbox 1506 2408 1535 2447; x_wconf 82' lang='grc' dir='ltr'>τ.</span> 
     </span>
     <span class='ocr_line' id='line_1_20' title="bbox 499 2467 1438 2555; baseline -0.001 -21"><span class='ocrx_word' id='word_1_160' title='bbox 499 2467 619 2534; x_wconf 83' lang='lat' dir='ltr'>melius</span> <span class='ocrx_word' id='word_1_161' title='bbox 631 2468 805 2555; x_wconf 89' lang='lat' dir='ltr'>legeretur.</span> <span class='ocrx_word' id='word_1_162' title='bbox 1433 2489 1438 2494; x_wconf 90' lang='lat'>·</span> 
     </span>
    </p>

    <p class='ocr_par' dir='ltr' id='par_1_5' title="bbox 499 2551 1543 3047">
     <span class='ocr_line' id='line_1_21' title="bbox 545 2551 1537 2641; baseline 0 -23"><span class='ocrx_word' id='word_1_163' title='bbox 545 2553 583 2618; x_wconf 86' lang='lat' dir='ltr'>P.</span> <span class='ocrx_word' id='word_1_164' title='bbox 600 2567 666 2619; x_wconf 78' lang='lat'><strong>158.</strong></span> <span class='ocrx_word' id='word_1_165' title='bbox 691 2554 714 2619; x_wconf 93' lang='lat' dir='ltr'>l.</span> <span class='ocrx_word' id='word_1_166' title='bbox 728 2560 758 2620; x_wconf 87' lang='grc'>6.</span> <span class='ocrx_word' id='word_1_167' title='bbox 788 2552 832 2632; x_wconf 71' lang='grc' dir='ltr'>ἔτη</span> <span class='ocrx_word' id='word_1_168' title='bbox 855 2554 1005 2641; x_wconf 54' lang='grc' dir='ltr'>συνᾶγετσᾼ</span> <span class='ocrx_word' id='word_1_169' title='bbox 1026 2552 1115 2639; x_wconf 81' lang='grc' dir='ltr'>χῖλια</span> <span class='ocrx_word' id='word_1_170' title='bbox 1137 2552 1250 2638; x_wconf 75' lang='grc' dir='ltr'>εἴκοσιν]</span> <span class='ocrx_word' id='word_1_171' title='bbox 1277 2553 1373 2618; x_wconf 86' lang='lat' dir='ltr'>Hanc</span> <span class='ocrx_word' id='word_1_172' title='bbox 1390 2551 1537 2618; x_wconf 84' lang='lat' dir='ltr'>Acusilai</span> 
     </span>
     <span class='ocr_line' id='line_1_22' title="bbox 499 2637 1535 2726; baseline -0.003 -22"><span class='ocrx_word' id='word_1_173' title='bbox 499 2638 780 2726; x_wconf 85' lang='lat' dir='ltr'>computationem</span> <span class='ocrx_word' id='word_1_174' title='bbox 806 2640 940 2706; x_wconf 88' lang='lat' dir='ltr'>inseruit</span> <span class='ocrx_word' id='word_1_175' title='bbox 965 2637 1144 2706; x_wconf 76' lang='lat' dir='ltr'>Ratiooario</span> <span class='ocrx_word' id='word_1_176' title='bbox 1173 2662 1233 2704; x_wconf 92' lang='lat' dir='ltr'>suo</span> <span class='ocrx_word' id='word_1_177' title='bbox 1257 2640 1364 2723; x_wconf 83' lang='lat' dir='ltr'>Temp.</span> <span class='ocrx_word' id='word_1_178' title='bbox 1389 2639 1535 2702; x_wconf 85' lang='lat' dir='ltr'>Petavius</span> 
     </span>
     <span class='ocr_line' id='line_1_23' title="bbox 501 2720 1543 2812; baseline 0 -23"><span class='ocrx_word' id='word_1_179' title='bbox 501 2736 586 2811; x_wconf 81' lang='lat' dir='ltr'>part.</span> <span class='ocrx_word' id='word_1_180' title='bbox 601 2725 629 2788; x_wconf 88' lang='lat'>1.</span> <span class='ocrx_word' id='word_1_181' title='bbox 646 2724 704 2790; x_wconf 92' lang='lat' dir='ltr'>lib.</span> <span class='ocrx_word' id='word_1_182' title='bbox 717 2725 739 2789; x_wconf 92' lang='lat' dir='ltr'>i.</span> <span class='ocrx_word' id='word_1_183' title='bbox 755 2739 867 2812; x_wconf 79' lang='lat' dir='ltr'>cap.4.</span> <span class='ocrx_word' id='word_1_184' title='bbox 905 2725 1015 2790; x_wconf 87' lang='lat' dir='ltr'>Posuit</span> <span class='ocrx_word' id='word_1_185' title='bbox 1039 2720 1085 2802; x_wconf 72' lang='grc' dir='ltr'>καὶ</span> <span class='ocrx_word' id='word_1_186' title='bbox 1106 2737 1179 2789; x_wconf 86' lang='lat' dir='ltr'>ante</span> <span class='ocrx_word' id='word_1_187' title='bbox 1201 2723 1301 2789; x_wconf 78' lang='grc' dir='ltr'><strong><em>εἴκοσιν</em></strong></span> <span class='ocrx_word' id='word_1_188' title='bbox 1326 2722 1470 2808; x_wconf 85' lang='lat' dir='ltr'>Scaliger</span> <span class='ocrx_word' id='word_1_189' title='bbox 1495 2722 1543 2805; x_wconf 36' lang='lat' dir='ltr'>ad,</span> 
     </span>
     <span class='ocr_line' id='line_1_24' title="bbox 500 2808 1537 2901; baseline -0.001 -25"><span class='ocrx_word' id='word_1_190' title='bbox 500 2829 580 2901; x_wconf 79' lang='lat' dir='ltr'>pag.</span> <span class='ocrx_word' id='word_1_191' title='bbox 590 2823 661 2890; x_wconf 81' lang='grc'><strong>359.</strong></span> <span class='ocrx_word' id='word_1_192' title='bbox 676 2809 826 2877; x_wconf 73' lang='lat' dir='ltr'>Thesauri</span> <span class='ocrx_word' id='word_1_193' title='bbox 841 2813 946 2897; x_wconf 82' lang='lat' dir='ltr'>Temp.</span> <span class='ocrx_word' id='word_1_194' title='bbox 962 2808 1143 2890; x_wconf 65' lang='lat' dir='ltr'>Eusebium,</span> <span class='ocrx_word' id='word_1_195' title='bbox 1158 2810 1215 2876; x_wconf 93' lang='lat' dir='ltr'>ubi</span> <span class='ocrx_word' id='word_1_196' title='bbox 1231 2810 1262 2875; x_wconf 90' lang='lat' dir='ltr'>iu</span> <span class='ocrx_word' id='word_1_197' title='bbox 1275 2812 1360 2897; x_wconf 79' lang='lat' dir='ltr'>‘15op.</span> <span class='ocrx_word' id='word_1_198' title='bbox 1374 2808 1537 2898; x_wconf 70' lang='grc' dir='ltr'>Συναγωγῇ</span> 
     </span>
     <span class='ocr_line' id='line_1_25' title="bbox 500 2895 1537 3047; baseline -0.001 -86"><span class='ocrx_word' id='word_1_199' title='bbox 500 2916 606 3047; x_wconf 48' lang='lat' dir='ltr'>Ruta</span> <span class='ocrx_word' id='word_1_200' title='bbox 620 2896 691 2961; x_wconf 82' lang='lat' dir='ltr'>haeo</span> <span class='ocrx_word' id='word_1_201' title='bbox 705 2896 746 2962; x_wconf 88' lang='lat' dir='ltr'>de</span> <span class='ocrx_word' id='word_1_202' title='bbox 759 2897 878 2963; x_wconf 91' lang='lat' dir='ltr'>diluvio</span> <span class='ocrx_word' id='word_1_203' title='bbox 890 2897 1065 2985; x_wconf 88' lang='lat' dir='ltr'>Ogygiano</span> <span class='ocrx_word' id='word_1_204' title='bbox 1079 2898 1238 2982; x_wconf 86' lang='lat' dir='ltr'>reposuit3</span> <span class='ocrx_word' id='word_1_205' title='bbox 1257 2895 1312 2962; x_wconf 88' lang='lat' dir='ltr'>sed</span> <span class='ocrx_word' id='word_1_206' title='bbox 1326 2910 1360 2961; x_wconf 88' lang='lat' dir='ltr'>et</span> <span class='ocrx_word' id='word_1_207' title='bbox 1374 2895 1470 2983; x_wconf 89' lang='lat' dir='ltr'>paulo</span> <span class='ocrx_word' id='word_1_208' title='bbox 1486 2896 1537 2961; x_wconf 93' lang='lat' dir='ltr'>in·</span> 
     </span>
    </p>

    <p class='ocr_par' dir='ltr' id='par_1_6' title="bbox 566 2981 1281 3056">
     <span class='ocr_line' id='line_1_26' title="bbox 566 2981 1281 3056; baseline -0.003 -9"><span class='ocrx_word' id='word_1_209' title='bbox 566 2981 606 3047; x_wconf 84' lang='lat' dir='ltr'>ad</span> <span class='ocrx_word' id='word_1_210' title='bbox 620 2981 676 3047; x_wconf 89' lang='lat' dir='ltr'>lin.</span> <span class='ocrx_word' id='word_1_211' title='bbox 691 2996 737 3047; x_wconf 84' lang='lat'>14.</span> <span class='ocrx_word' id='word_1_212' title='bbox 751 2983 785 3049; x_wconf 89' lang='lat' dir='ltr'>hi</span> <span class='ocrx_word' id='word_1_213' title='bbox 800 2983 923 3048; x_wconf 88' lang='lat' dir='ltr'>numeri</span> <span class='ocrx_word' id='word_1_214' title='bbox 938 2983 1086 3056; x_wconf 73' lang='grc' dir='ltr'>ἀσυνδέτως</span> <span class='ocrx_word' id='word_1_215' title='bbox 1097 2984 1281 3047; x_wconf 83' lang='lat' dir='ltr'>afferuntur.</span> 
     </span>
    </p>

    <p class='ocr_par' dir='ltr' id='par_1_7' title="bbox 468 3066 1606 4095">
     <span class='ocr_line' id='line_1_27' title="bbox 546 3066 1537 3155; baseline -0.001 -22"><span class='ocrx_word' id='word_1_216' title='bbox 546 3067 632 3133; x_wconf 76' lang='lat' dir='ltr'>ibid.</span> <span class='ocrx_word' id='word_1_217' title='bbox 644 3066 666 3131; x_wconf 92' lang='lat' dir='ltr'>l.</span> <span class='ocrx_word' id='word_1_218' title='bbox 680 3081 710 3132; x_wconf 87' lang='lat'>8.</span> <span class='ocrx_word' id='word_1_219' title='bbox 725 3077 817 3133; x_wconf 79' lang='grc' dir='ltr'><strong><em>ταῦτα</em></strong></span> <span class='ocrx_word' id='word_1_220' title='bbox 830 3073 886 3155; x_wconf 74' lang='grc' dir='ltr'>γὰρ</span> <span class='ocrx_word' id='word_1_221' title='bbox 900 3069 1052 3145; x_wconf 75' lang='grc' dir='ltr'>Ἀθηναίων</span> <span class='ocrx_word' id='word_1_222' title='bbox 1067 3073 1212 3153; x_wconf 61' lang='lat' dir='ltr'>imputares</span> <span class='ocrx_word' id='word_1_223' title='bbox 1225 3068 1302 3150; x_wconf 68' lang='grc' dir='ltr'>δια]</span> <span class='ocrx_word' id='word_1_224' title='bbox 1316 3067 1432 3134; x_wconf 84' lang='lat' dir='ltr'>Malim</span> <span class='ocrx_word' id='word_1_225' title='bbox 1444 3075 1537 3132; x_wconf 73' lang='grc' dir='ltr'><em>ταῦτα</em></span> 
     </span>
     <span class='ocr_line' id='line_1_28' title="bbox 500 3152 1537 3239; baseline 0 -23"><span class='ocrx_word' id='word_1_226' title='bbox 500 3155 563 3239; x_wconf 68' lang='grc' dir='ltr'>γὰρ’</span> <span class='ocrx_word' id='word_1_227' title='bbox 577 3157 706 3239; x_wconf 67' lang='grc' dir='ltr'><strong><em>ἶςυροῦσι,</em></strong></span> <span class='ocrx_word' id='word_1_228' title='bbox 720 3152 827 3218; x_wconf 88' lang='lat' dir='ltr'>deleto</span> <span class='ocrx_word' id='word_1_229' title='bbox 843 3153 1008 3231; x_wconf 71' lang='grc' dir='ltr'>Ἀθηναίων.</span> <span class='ocrx_word' id='word_1_230' title='bbox 1029 3154 1219 3217; x_wconf 78' lang='lat' dir='ltr'>Vlcanos.</span> <span class='ocrx_word' id='word_1_231' title='bbox 1265 3152 1350 3217; x_wconf 87' lang='lat' dir='ltr'>Cum</span> <span class='ocrx_word' id='word_1_232' title='bbox 1370 3152 1462 3238; x_wconf 89' lang='lat' dir='ltr'>plura</span> <span class='ocrx_word' id='word_1_233' title='bbox 1480 3175 1537 3217; x_wconf 90' lang='lat' dir='ltr'>ex-</span> 
     </span>
     <span class='ocr_line' id='line_1_29' title="bbox 468 3236 1537 3325; baseline 0 -22"><span class='ocrx_word' id='word_1_234' title='bbox 468 3250 473 3271; x_wconf 83' lang='grc'><em>·</em></span> <span class='ocrx_word' id='word_1_235' title='bbox 503 3250 585 3318; x_wconf 84' lang='lat' dir='ltr'>tent,</span> <span class='ocrx_word' id='word_1_236' title='bbox 597 3250 635 3302; x_wconf 93' lang='lat' dir='ltr'>ut</span> <span class='ocrx_word' id='word_1_237' title='bbox 650 3260 746 3325; x_wconf 85' lang='lat' dir='ltr'>supra</span> <span class='ocrx_word' id='word_1_238' title='bbox 759 3236 835 3320; x_wconf 85' lang='lat' dir='ltr'>dixi,</span> <span class='ocrx_word' id='word_1_239' title='bbox 845 3240 877 3304; x_wconf 92' lang='lat' dir='ltr'>in</span> <span class='ocrx_word' id='word_1_240' title='bbox 891 3236 1107 3302; x_wconf 74' lang='lat' dir='ltr'>Cohortatione</span> <span class='ocrx_word' id='word_1_241' title='bbox 1118 3238 1160 3301; x_wconf 85' lang='lat' dir='ltr'>od</span> <span class='ocrx_word' id='word_1_242' title='bbox 1174 3238 1309 3315; x_wconf 85' lang='lat' dir='ltr'>Graecos,</span> <span class='ocrx_word' id='word_1_243' title='bbox 1321 3261 1393 3324; x_wconf 87' lang='lat' dir='ltr'>quae</span> <span class='ocrx_word' id='word_1_244' title='bbox 1407 3239 1537 3303; x_wconf 87' lang='lat' dir='ltr'>Justino</span> 
     </span>
     <span class='ocr_line' id='line_1_30' title="bbox 502 3321 1537 3412; baseline -0.002 -24"><span class='ocrx_word' id='word_1_245' title='bbox 502 3322 557 3388; x_wconf 88' lang='lat' dir='ltr'>M.</span> <span class='ocrx_word' id='word_1_246' title='bbox 576 3323 674 3412; x_wconf 77' lang='lat' dir='ltr'>vtssgo</span> <span class='ocrx_word' id='word_1_247' title='bbox 697 3324 818 3389; x_wconf 86' lang='lat' dir='ltr'>tributa</span> <span class='ocrx_word' id='word_1_248' title='bbox 839 3340 899 3403; x_wconf 88' lang='lat' dir='ltr'>est,</span> <span class='ocrx_word' id='word_1_249' title='bbox 920 3322 1017 3410; x_wconf 89' lang='lat' dir='ltr'>hujus</span> <span class='ocrx_word' id='word_1_250' title='bbox 1038 3322 1138 3408; x_wconf 74' lang='grc' dir='ltr'><em>ρἦεως</em></span> <span class='ocrx_word' id='word_1_251' title='bbox 1160 3322 1240 3386; x_wconf 88' lang='lat' dir='ltr'>locis</span> <span class='ocrx_word' id='word_1_252' title='bbox 1262 3321 1422 3386; x_wconf 90' lang='lat' dir='ltr'>nonnullis</span> <span class='ocrx_word' id='word_1_253' title='bbox 1447 3322 1537 3401; x_wconf 87' lang='lat' dir='ltr'>simi-</span> 
     </span>
     <span class='ocr_line' id='line_1_31' title="bbox 501 3406 1538 3558; baseline -0.003 -83"><span class='ocrx_word' id='word_1_254' title='bbox 501 3406 560 3489; x_wconf 73' lang='lat' dir='ltr'>lia,</span> <span class='ocrx_word' id='word_1_255' title='bbox 579 3430 619 3474; x_wconf 87' lang='lat' dir='ltr'>ex</span> <span class='ocrx_word' id='word_1_256' title='bbox 641 3410 756 3558; x_wconf 53' lang='grc' dir='ltr'>Ἱιιὶδιιε</span> <span class='ocrx_word' id='word_1_257' title='bbox 778 3409 981 3474; x_wconf 90' lang='lat' dir='ltr'>doctissimus</span> <span class='ocrx_word' id='word_1_258' title='bbox 999 3407 1168 3472; x_wconf 89' lang='lat' dir='ltr'>Ashtonus</span> <span class='ocrx_word' id='word_1_259' title='bbox 1189 3406 1339 3471; x_wconf 90' lang='lat' dir='ltr'>inductus</span> <span class='ocrx_word' id='word_1_260' title='bbox 1359 3420 1420 3485; x_wconf 88' lang='lat' dir='ltr'>est,</span> <span class='ocrx_word' id='word_1_261' title='bbox 1438 3420 1475 3471; x_wconf 92' lang='lat' dir='ltr'>ut</span> <span class='ocrx_word' id='word_1_262' title='bbox 1498 3408 1538 3472; x_wconf 86' lang='lat' dir='ltr'>li·</span> 
     </span>
     <span class='ocr_line' id='line_1_32' title="bbox 502 3492 1538 3583; baseline -0.002 -24"><span class='ocrx_word' id='word_1_263' title='bbox 502 3493 599 3559; x_wconf 83' lang='lat' dir='ltr'>hrum</span> <span class='ocrx_word' id='word_1_264' title='bbox 612 3516 632 3559; x_wconf 84' lang='lat' dir='ltr'>a</span> <span class='ocrx_word' id='word_1_265' title='bbox 664 3494 771 3560; x_wconf 89' lang='lat' dir='ltr'>ustino</span> <span class='ocrx_word' id='word_1_266' title='bbox 785 3495 994 3583; x_wconf 87' lang='lat' dir='ltr'>abjudicaret,</span> <span class='ocrx_word' id='word_1_267' title='bbox 1003 3493 1072 3580; x_wconf 90' lang='lat' dir='ltr'>jam</span> <span class='ocrx_word' id='word_1_268' title='bbox 1088 3514 1127 3557; x_wconf 83' lang='lat' dir='ltr'>ex</span> <span class='ocrx_word' id='word_1_269' title='bbox 1142 3493 1191 3557; x_wconf 91' lang='lat' dir='ltr'>his</span> <span class='ocrx_word' id='word_1_270' title='bbox 1204 3515 1301 3557; x_wconf 91' lang='lat' dir='ltr'>unum</span> <span class='ocrx_word' id='word_1_271' title='bbox 1318 3492 1488 3572; x_wconf 87' lang='lat' dir='ltr'>adducam,</span> <span class='ocrx_word' id='word_1_272' title='bbox 1500 3507 1538 3557; x_wconf 89' lang='lat' dir='ltr'>ut</span> 
     </span>
     <span class='ocr_line' id='line_1_33' title="bbox 503 3576 1536 3664; baseline -0.001 -20"><span class='ocrx_word' id='word_1_273' title='bbox 503 3576 582 3645; x_wconf 83' lang='lat' dir='ltr'>huic</span> <span class='ocrx_word' id='word_1_274' title='bbox 595 3581 740 3646; x_wconf 72' lang='lat' dir='ltr'>Asticani</span> <span class='ocrx_word' id='word_1_275' title='bbox 761 3582 834 3646; x_wconf 92' lang='lat' dir='ltr'>loco</span> <span class='ocrx_word' id='word_1_276' title='bbox 857 3582 973 3645; x_wconf 88' lang='lat' dir='ltr'>sanitas</span> <span class='ocrx_word' id='word_1_277' title='bbox 995 3577 1069 3643; x_wconf 91' lang='lat' dir='ltr'>inde</span> <span class='ocrx_word' id='word_1_278' title='bbox 1092 3579 1281 3664; x_wconf 84' lang='lat' dir='ltr'>praebeatur.</span> <span class='ocrx_word' id='word_1_279' title='bbox 1323 3578 1377 3642; x_wconf 86' lang='lat' dir='ltr'>Ad</span> <span class='ocrx_word' id='word_1_280' title='bbox 1395 3580 1424 3661; x_wconf 70' lang='grc' dir='ltr'>ξ.</span> <span class='ocrx_word' id='word_1_281' title='bbox 1436 3595 1467 3656; x_wconf 87' lang='grc'>9.</span> <span class='ocrx_word' id='word_1_282' title='bbox 1484 3579 1536 3643; x_wconf 89' lang='lat' dir='ltr'>ed.</span> 
     </span>
     <span class='ocr_line' id='line_1_34' title="bbox 501 3663 1545 3753; baseline -0.006 -22"><span class='ocrx_word' id='word_1_283' title='bbox 501 3664 704 3731; x_wconf 79' lang='lat' dir='ltr'>Benedictin.</span> <span class='ocrx_word' id='word_1_284' title='bbox 720 3665 790 3732; x_wconf 87' lang='lat' dir='ltr'>haec</span> <span class='ocrx_word' id='word_1_285' title='bbox 805 3667 976 3753; x_wconf 84' lang='lat' dir='ltr'>leguntur:</span> <span class='ocrx_word' id='word_1_286' title='bbox 1000 3666 1047 3727; x_wconf 79' lang='lat' dir='ltr'>nai</span> <span class='ocrx_word' id='word_1_287' title='bbox 1068 3670 1092 3728; x_wconf 79' lang='lat' dir='ltr'>oi</span> <span class='ocrx_word' id='word_1_288' title='bbox 1111 3667 1149 3726; x_wconf 77' lang='lat' dir='ltr'>rai</span> <span class='ocrx_word' id='word_1_289' title='bbox 1169 3663 1322 3740; x_wconf 73' lang='grc' dir='ltr'>Ἀθηναίων</span> <span class='ocrx_word' id='word_1_290' title='bbox 1336 3665 1363 3726; x_wconf 76' lang='grc' dir='ltr'>δὲ</span> <span class='ocrx_word' id='word_1_291' title='bbox 1377 3669 1545 3748; x_wconf 54' lang='lat' dir='ltr'>troparium,</span> 
     </span>
     <span class='ocr_line' id='line_1_35' title="bbox 501 3749 1606 3838; baseline -0.002 -24"><span class='ocrx_word' id='word_1_292' title='bbox 501 3749 669 3825; x_wconf 65' lang='grc' dir='ltr'><strong><em>Ἑλλάνικός</em></strong></span> <span class='ocrx_word' id='word_1_293' title='bbox 684 3778 715 3814; x_wconf 79' lang='grc' dir='ltr'>τε</span> <span class='ocrx_word' id='word_1_294' title='bbox 727 3751 773 3832; x_wconf 60' lang='lat' dir='ltr'>aa)</span> <span class='ocrx_word' id='word_1_295' title='bbox 782 3753 939 3838; x_wconf 73' lang='grc' dir='ltr'><strong>Φιλόχορος</strong></span> <span class='ocrx_word' id='word_1_296' title='bbox 955 3757 967 3814; x_wconf 81' lang='grc' dir='ltr'><strong>ὅ</strong></span> <span class='ocrx_word' id='word_1_297' title='bbox 982 3755 1033 3824; x_wconf 76' lang='grc' dir='ltr'>τοὶς</span> <span class='ocrx_word' id='word_1_298' title='bbox 1047 3749 1190 3826; x_wconf 72' lang='grc' dir='ltr'>Ἀτθίδας,</span> <span class='ocrx_word' id='word_1_299' title='bbox 1205 3749 1310 3832; x_wconf 76' lang='grc' dir='ltr'>Κᾶςωρ</span> <span class='ocrx_word' id='word_1_300' title='bbox 1324 3775 1355 3811; x_wconf 82' lang='grc' dir='ltr'>τε</span> <span class='ocrx_word' id='word_1_301' title='bbox 1369 3750 1390 3834; x_wconf 69' lang='lat' dir='ltr'>’i</span> <span class='ocrx_word' id='word_1_302' title='bbox 1406 3752 1537 3830; x_wconf 78' lang='grc' dir='ltr'><strong>Θαλλός,</strong></span> <span class='ocrx_word' id='word_1_303' title='bbox 1604 3816 1606 3821; x_wconf 88' lang='lat'><em>.</em></span> 
     </span>
     <span class='ocr_line' id='line_1_36' title="bbox 502 3833 1535 3924; baseline 0 -25"><span class='ocrx_word' id='word_1_304' title='bbox 502 3835 554 3919; x_wconf 64' lang='lat' dir='ltr'>aad</span> <span class='ocrx_word' id='word_1_305' title='bbox 574 3835 755 3924; x_wconf 66' lang='grc' dir='ltr'>Ἀλέξανδρος</span> <span class='ocrx_word' id='word_1_306' title='bbox 769 3844 781 3900; x_wconf 83' lang='grc' dir='ltr'><strong>ὁ</strong></span> <span class='ocrx_word' id='word_1_307' title='bbox 796 3839 954 3923; x_wconf 71' lang='grc' dir='ltr'>Πολυΐςωρ,</span> <span class='ocrx_word' id='word_1_308' title='bbox 970 3835 1008 3899; x_wconf 80' lang='grc' dir='ltr'>ἔτι</span> <span class='ocrx_word' id='word_1_309' title='bbox 1024 3836 1051 3898; x_wconf 78' lang='grc' dir='ltr'>δὲ</span> <span class='ocrx_word' id='word_1_310' title='bbox 1067 3836 1113 3899; x_wconf 74' lang='grc' dir='ltr'>καὶ</span> <span class='ocrx_word' id='word_1_311' title='bbox 1128 3841 1151 3899; x_wconf 86' lang='lat' dir='ltr'>ci</span> <span class='ocrx_word' id='word_1_312' title='bbox 1164 3834 1317 3915; x_wconf 76' lang='grc' dir='ltr'><strong><em>σοφώτατοι</em></strong></span> <span class='ocrx_word' id='word_1_313' title='bbox 1332 3833 1427 3897; x_wconf 72' lang='grc' dir='ltr'>Φίλων</span> <span class='ocrx_word' id='word_1_314' title='bbox 1441 3861 1471 3897; x_wconf 85' lang='grc' dir='ltr'>τε</span> <span class='ocrx_word' id='word_1_315' title='bbox 1487 3836 1535 3899; x_wconf 72' lang='grc' dir='ltr'>καὶ</span> 
     </span>
     <span class='ocr_line' id='line_1_37' title="bbox 501 3918 1535 4008; baseline -0.001 -24"><span class='ocrx_word' id='word_1_316' title='bbox 501 3918 646 3997; x_wconf 58' lang='grc' dir='ltr'>Ἰόπης,</span> <span class='ocrx_word' id='word_1_317' title='bbox 662 3927 686 3984; x_wconf 74' lang='grc' dir='ltr'>οἳ</span> <span class='ocrx_word' id='word_1_318' title='bbox 701 3927 739 3986; x_wconf 71' lang='grc' dir='ltr'>τὰ</span> <span class='ocrx_word' id='word_1_319' title='bbox 754 3927 829 3986; x_wconf 76' lang='grc' dir='ltr'>κατὰ</span> <span class='ocrx_word' id='word_1_320' title='bbox 845 3923 967 3996; x_wconf 59' lang='lat' dir='ltr'>’letata</span> <span class='ocrx_word' id='word_1_321' title='bbox 987 3921 1169 4008; x_wconf 72' lang='grc' dir='ltr'>ἶςοςῆσαντες,</span> <span class='ocrx_word' id='word_1_322' title='bbox 1184 3923 1219 3995; x_wconf 74' lang='grc' dir='ltr'>ὥς</span> <span class='ocrx_word' id='word_1_323' title='bbox 1232 3918 1336 4006; x_wconf 68' lang='grc' dir='ltr'>σφόδρα</span> <span class='ocrx_word' id='word_1_324' title='bbox 1350 3919 1472 4006; x_wconf 69' lang='grc' dir='ltr'>ἀρχαίου</span> <span class='ocrx_word' id='word_1_325' title='bbox 1486 3922 1535 3984; x_wconf 73' lang='grc' dir='ltr'>καὶ</span> 
     </span>
     <span class='ocr_line' id='line_1_38' title="bbox 500 4004 1536 4095; baseline 0.002 -26"><span class='ocrx_word' id='word_1_326' title='bbox 500 4013 634 4077; x_wconf 64' lang='grc' dir='ltr'>παλαιοῦ</span> <span class='ocrx_word' id='word_1_327' title='bbox 656 4011 709 4070; x_wconf 81' lang='grc' dir='ltr'>τῶν</span> <span class='ocrx_word' id='word_1_328' title='bbox 727 4008 862 4072; x_wconf 75' lang='grc' dir='ltr'>Ἰουδαίων</span> <span class='ocrx_word' id='word_1_329' title='bbox 876 4006 1010 4095; x_wconf 77' lang='grc' dir='ltr'>ἄρχοντος</span> <span class='ocrx_word' id='word_1_330' title='bbox 1024 4004 1167 4080; x_wconf 80' lang='grc' dir='ltr'><em>Μωῦσέως</em></span> <span class='ocrx_word' id='word_1_331' title='bbox 1184 4005 1342 4088; x_wconf 53' lang='grc' dir='ltr'>μέμνηνται.</span> <span class='ocrx_word' id='word_1_332' title='bbox 1388 4006 1474 4070; x_wconf 87' lang='lat' dir='ltr'>Hinc</span> <span class='ocrx_word' id='word_1_333' title='bbox 1487 4006 1536 4071; x_wconf 88' lang='lat' dir='ltr'>le·</span> 
     </span>
    </p>

    <p class='ocr_par' dir='ltr' id='par_1_8' title="bbox 499 4091 1541 4780">
     <span class='ocr_line' id='line_1_39' title="bbox 548 4091 1536 4178; baseline 0.002 -22"><span class='ocrx_word' id='word_1_334' title='bbox 548 4091 648 4156; x_wconf 80' lang='lat' dir='ltr'>ndum</span> <span class='ocrx_word' id='word_1_335' title='bbox 670 4113 740 4157; x_wconf 88' lang='lat' dir='ltr'>esse</span> <span class='ocrx_word' id='word_1_336' title='bbox 762 4093 847 4178; x_wconf 90' lang='lat' dir='ltr'>apud</span> <span class='ocrx_word' id='word_1_337' title='bbox 871 4093 1060 4157; x_wconf 86' lang='lat' dir='ltr'>Africanum</span> <span class='ocrx_word' id='word_1_338' title='bbox 1086 4104 1223 4170; x_wconf 88' lang='lat' dir='ltr'>constat,</span> <span class='ocrx_word' id='word_1_339' title='bbox 1247 4098 1339 4154; x_wconf 80' lang='grc' dir='ltr'><em>ταῦτα</em></span> <span class='ocrx_word' id='word_1_340' title='bbox 1363 4095 1422 4178; x_wconf 77' lang='grc' dir='ltr'>γὰρ</span> <span class='ocrx_word' id='word_1_341' title='bbox 1446 4097 1471 4155; x_wconf 74' lang='grc' dir='ltr'>οἱ</span> <span class='ocrx_word' id='word_1_342' title='bbox 1497 4097 1536 4158; x_wconf 72' lang='grc' dir='ltr'>τὰ</span> 
     </span>
     <span class='ocr_line' id='line_1_40' title="bbox 509 4175 1541 4276; baseline 0.002 -36"><span class='ocrx_word' id='word_1_343' title='bbox 509 4178 668 4255; x_wconf 51' lang='lat' dir='ltr'>Quados,</span> <span class='ocrx_word' id='word_1_344' title='bbox 685 4192 719 4242; x_wconf 90' lang='lat' dir='ltr'>et</span> <span class='ocrx_word' id='word_1_345' title='bbox 740 4194 851 4276; x_wconf 84' lang='lat' dir='ltr'>postea</span> <span class='ocrx_word' id='word_1_346' title='bbox 872 4178 913 4245; x_wconf 87' lang='lat' dir='ltr'>ad</span> <span class='ocrx_word' id='word_1_347' title='bbox 934 4178 988 4243; x_wconf 88' lang='lat' dir='ltr'>lin.</span> <span class='ocrx_word' id='word_1_348' title='bbox 1003 4196 1035 4256; x_wconf 86' lang='lat'>9.</span> <span class='ocrx_word' id='word_1_349' title='bbox 1056 4183 1069 4241; x_wconf 78' lang='lat' dir='ltr'>t</span> <span class='ocrx_word' id='word_1_350' title='bbox 1088 4181 1138 4250; x_wconf 73' lang='grc' dir='ltr'>τὰς</span> <span class='ocrx_word' id='word_1_351' title='bbox 1159 4175 1304 4255; x_wconf 71' lang='grc' dir='ltr'>Ἀτθίδας,</span> <span class='ocrx_word' id='word_1_352' title='bbox 1323 4198 1427 4262; x_wconf 90' lang='lat' dir='ltr'>neque</span> <span class='ocrx_word' id='word_1_353' title='bbox 1449 4180 1541 4242; x_wconf 88' lang='lat' dir='ltr'>enim·</span> 
     </span>
     <span class='ocr_line' id='line_1_41' title="bbox 501 4258 1535 4348; baseline 0 -21"><span class='ocrx_word' id='word_1_354' title='bbox 501 4258 575 4327; x_wconf 83' lang='lat' dir='ltr'>haec</span> <span class='ocrx_word' id='word_1_355' title='bbox 590 4261 772 4327; x_wconf 80' lang='lat' dir='ltr'>emendatio</span> <span class='ocrx_word' id='word_1_356' title='bbox 796 4263 998 4328; x_wconf 87' lang='lat' dir='ltr'>Hellanicum</span> <span class='ocrx_word' id='word_1_357' title='bbox 1014 4262 1199 4327; x_wconf 86' lang='lat' dir='ltr'>excluderet</span> <span class='ocrx_word' id='word_1_358' title='bbox 1212 4284 1231 4326; x_wconf 85' lang='lat' dir='ltr'>a</span> <span class='ocrx_word' id='word_1_359' title='bbox 1244 4262 1414 4348; x_wconf 84' lang='lat' dir='ltr'>scriptione</span> <span class='ocrx_word' id='word_1_360' title='bbox 1428 4284 1535 4327; x_wconf 88' lang='lat' dir='ltr'>rerum</span> 
     </span>
     <span class='ocr_line' id='line_1_42' title="bbox 501 4347 1536 4448; baseline -0.003 -35"><span class='ocrx_word' id='word_1_361' title='bbox 501 4347 762 4427; x_wconf 86' lang='lat' dir='ltr'>Atheniensium,</span> <span class='ocrx_word' id='word_1_362' title='bbox 776 4351 868 4448; x_wconf 81' lang='lat' dir='ltr'>cujus</span> <span class='ocrx_word' id='word_1_363' title='bbox 886 4351 993 4431; x_wconf 61' lang='grc' dir='ltr'>Ἀςῖικὴ</span> <span class='ocrx_word' id='word_1_364' title='bbox 1016 4352 1168 4434; x_wconf 67' lang='grc' dir='ltr'>συγγραφὴ</span> <span class='ocrx_word' id='word_1_365' title='bbox 1186 4347 1227 4411; x_wconf 89' lang='lat' dir='ltr'>ab</span> <span class='ocrx_word' id='word_1_366' title='bbox 1242 4347 1425 4412; x_wconf 89' lang='lat' dir='ltr'>auctoribus</span> <span class='ocrx_word' id='word_1_367' title='bbox 1443 4361 1536 4411; x_wconf 72' lang='lat' dir='ltr'>com·v</span> 
     </span>
     <span class='ocr_line' id='line_1_43' title="bbox 500 4430 1534 4518; baseline -0.006 -19"><span class='ocrx_word' id='word_1_368' title='bbox 500 4446 711 4499; x_wconf 86' lang='lat' dir='ltr'>memoratur.</span> <span class='ocrx_word' id='word_1_369' title='bbox 756 4437 824 4498; x_wconf 81' lang='lat' dir='ltr'>Etsi</span> <span class='ocrx_word' id='word_1_370' title='bbox 838 4457 912 4499; x_wconf 91' lang='lat' dir='ltr'>vero</span> <span class='ocrx_word' id='word_1_371' title='bbox 932 4433 973 4497; x_wconf 91' lang='lat' dir='ltr'>ad</span> <span class='ocrx_word' id='word_1_372' title='bbox 993 4432 1224 4497; x_wconf 85' lang='lat' dir='ltr'>lin.11.habes</span> <span class='ocrx_word' id='word_1_373' title='bbox 1242 4446 1316 4518; x_wconf 90' lang='lat' dir='ltr'>post</span> <span class='ocrx_word' id='word_1_374' title='bbox 1336 4454 1444 4497; x_wconf 87' lang='lat' dir='ltr'>vocem</span> <span class='ocrx_word' id='word_1_375' title='bbox 1465 4430 1534 4494; x_wconf 76' lang='grc' dir='ltr'>Διό-</span> 
     </span>
     <span class='ocr_line' id='line_1_44' title="bbox 501 4515 1536 4605; baseline -0.001 -24"><span class='ocrx_word' id='word_1_376' title='bbox 501 4518 585 4605; x_wconf 54' lang='grc' dir='ltr'><strong><em>δωρος</em></strong></span> <span class='ocrx_word' id='word_1_377' title='bbox 606 4519 700 4582; x_wconf 87' lang='lat' dir='ltr'>verba</span> <span class='ocrx_word' id='word_1_378' title='bbox 721 4519 842 4596; x_wconf 80' lang='lat' dir='ltr'>isthae0‚</span> <span class='ocrx_word' id='word_1_379' title='bbox 866 4525 878 4582; x_wconf 82' lang='grc' dir='ltr'><strong>ὁ</strong></span> <span class='ocrx_word' id='word_1_380' title='bbox 899 4523 951 4593; x_wconf 76' lang='grc' dir='ltr'>τὰς</span> <span class='ocrx_word' id='word_1_381' title='bbox 974 4517 1167 4598; x_wconf 51' lang='grc' dir='ltr'>βιὲλιοθήκαςρ</span> <span class='ocrx_word' id='word_1_382' title='bbox 1192 4532 1288 4604; x_wconf 86' lang='lat' dir='ltr'>atque</span> <span class='ocrx_word' id='word_1_383' title='bbox 1313 4515 1536 4583; x_wconf 74' lang='lat' dir='ltr'>Cohortationt&#39;s</span> 
     </span>
     <span class='ocr_line' id='line_1_45' title="bbox 501 4601 1541 4687; baseline -0.004 -18"><span class='ocrx_word' id='word_1_384' title='bbox 501 4617 618 4669; x_wconf 77' lang='lat' dir='ltr'>auctor</span> <span class='ocrx_word' id='word_1_385' title='bbox 632 4605 813 4669; x_wconf 90' lang='lat' dir='ltr'>Diodorum</span> <span class='ocrx_word' id='word_1_386' title='bbox 829 4605 873 4669; x_wconf 85' lang='lat' dir='ltr'>ita</span> <span class='ocrx_word' id='word_1_387' title='bbox 887 4618 1056 4682; x_wconf 87' lang='lat' dir='ltr'>memorat,</span> <span class='ocrx_word' id='word_1_388' title='bbox 1072 4604 1119 4664; x_wconf 75' lang='grc' dir='ltr'>καὶ</span> <span class='ocrx_word' id='word_1_389' title='bbox 1135 4609 1147 4665; x_wconf 85' lang='grc' dir='ltr'>ὁ</span> <span class='ocrx_word' id='word_1_390' title='bbox 1162 4603 1330 4680; x_wconf 67' lang='grc' dir='ltr'>ἐνδοξότατος</span> <span class='ocrx_word' id='word_1_391' title='bbox 1344 4604 1371 4664; x_wconf 80' lang='grc' dir='ltr'>δὲ</span> <span class='ocrx_word' id='word_1_392' title='bbox 1385 4601 1456 4687; x_wconf 69' lang='grc' dir='ltr'>παρ’</span> <span class='ocrx_word' id='word_1_393' title='bbox 1472 4605 1541 4684; x_wconf 69' lang='grc' dir='ltr'>ὑμῖν</span> 
     </span>
     <span class='ocr_line' id='line_1_46' title="bbox 499 4685 1535 4780; baseline -0.004 -25"><span class='ocrx_word' id='word_1_394' title='bbox 499 4692 556 4755; x_wconf 71' lang='lat' dir='ltr'>atr</span> <span class='ocrx_word' id='word_1_395' title='bbox 575 4690 773 4777; x_wconf 68' lang='grc' dir='ltr'>ὶςοςιογράφων</span> <span class='ocrx_word' id='word_1_396' title='bbox 787 4689 931 4780; x_wconf 78' lang='grc' dir='ltr'><strong><em>Διόδωρος,</em></strong></span> <span class='ocrx_word' id='word_1_397' title='bbox 942 4695 966 4753; x_wconf 80' lang='lat' dir='ltr'>—d</span> <span class='ocrx_word' id='word_1_398' title='bbox 984 4692 1036 4762; x_wconf 78' lang='grc' dir='ltr'>τὰς</span> <span class='ocrx_word' id='word_1_399' title='bbox 1055 4686 1236 4772; x_wconf 55' lang='lat' dir='ltr'>ficiato-‘tim</span> <span class='ocrx_word' id='word_1_400' title='bbox 1258 4685 1389 4771; x_wconf 64' lang='grc' dir='ltr'>ἐπιτεμὼν</span> <span class='ocrx_word' id='word_1_401' title='bbox 1409 4687 1437 4751; x_wconf 80' lang='grc' dir='ltr'>ἐν</span> <span class='ocrx_word' id='word_1_402' title='bbox 1454 4685 1535 4772; x_wconf 69' lang='lat' dir='ltr'>spari·</span> 
     </span>
    </p>

    <p class='ocr_par' dir='ltr' id='par_1_9' title="bbox 991 4788 1050 4841">
     <span class='ocr_line' id='line_1_47' title="bbox 991 4788 1050 4841; baseline 0.017 -1"><span class='ocrx_word' id='word_1_403' title='bbox 991 4794 1015 4840; x_wconf 84' lang='lat' dir='ltr'>U</span> <span class='ocrx_word' id='word_1_404' title='bbox 1028 4788 1050 4841; x_wconf 76' lang='lat'>4</span> 
     </span>
    </p>
   </div>
   <div class='ocr_carea' id='block_1_3' title="bbox 0 0 2052 5675">
    <p class='ocr_par' dir='ltr' id='par_1_10' title="bbox 0 0 2052 5675">
     <span class='ocr_line' id='line_1_48' title="bbox 0 0 2052 5675; baseline 0 0"><span class='ocrx_word' id='word_1_405' title='bbox 0 0 2052 5675; x_wconf 95' lang='lat' dir='ltr'> </span> 
     </span>
    </p>
   </div>
  </div>
 </body>
</html>
