4092 5675
647 783 701 849 IN
720 779 943 850 AFRICANI
965 770 1220 851 canonica,
1381 802 1450 872 277·

743 983 980 1051 DYNASTIA
1008 987 1118 1051 XXX.

457 1115 495 1182 Ρ.
505 1128 575 1184 its.
585 1114 610 1182 l.
621 1128 671 1194 17.
684 1116 839 1206 Nupoplms
848 1125 934 1202 μῆνας
944 1119 990 1206 δῖ]
1002 1119 1144 1207 Scaliger
1154 1119 1273 1209 ubique
1284 1122 1443 1209 Νεφερίτης,
1555 1137 1558 1146 ’

415 1212 449 1268 et
460 1203 623 1268 Eusebius
637 1218 706 1269 tum
720 1203 754 1268 in
768 1203 906 1292 Dynast.
921 1206 982 1270 etsi
997 1205 1115 1270 ibidem
1130 1207 1297 1293 Ἀνιφιρίτης
1314 1222 1449 1273 notante·

416 1285 529 1352 Gnaro
540 1307 707 1375 perperam
720 1288 874 1376 scripturn
885 1304 945 1371 est,
956 1304 1026 1355 tum
1037 1290 1069 1354 in
1082 1291 1225 1356 ctronico
1240 1314 1310 1356 suo.
1333 1294 1443 1358 Habet

415 1371 494 1438 MS.
507 1371 778 1474 priorl'arisiuus
796 1374 956 1462 Νεφορότις.
990 1375 1067 1440 MS.
1084 1375 1163 1440 alter
1181 1377 1342 1463 Νιφοςίτης.
1381 1379 1443 1442 Pro

415 1459 580 1524 nse-rbus
594 1472 733 1546 quatuor
746 1459 829 1524 duos
842 1474 967 1525 tantum
982 1463 1104 1547 praebet
1117 1461 1278 1545 Nepheriti
1293 1484 1352 1527 suo
1367 1464 1443 1526 Sca-

414 1541 545 1630 ligerio
561 1543 677 1608 Canum
691 1546 816 1633 Isagog.
829 1544 989 1631 Neplssren
1007 1546 1071 1612 hoo
1092 1568 1209 1611 nomen
1231 1547 1340 1633 posuit
1360 1549 1444 1611 Dio·

414 1627 516 1692 dorus
529 1628 658 1694 Siculus
671 1629 727 1694 lib.
741 1630 802 1694 xiv.
819 1653 890 1742 cap.
902 1645 952 1710 79.
979 1631 1140 1698 Caeterum
1155 1631 1279 1697 addidit
1292 1632 1444 1697 Eusebius

414 1727 491 1800 post
501 1713 591 1779 hunc
603 1735 712 1802 regem
727 1720 835 1792 Μοῦθις
849 1743 907 1791 eros
921 1718 960 1781 α’.

459 1797 545 1864 Ibid.
568 1797 593 1864 l.
614 1812 665 1864 25.
692 1800 866 1880 Νεκτανίὸης
888 1803 932 1880 lm
954 1802 1014 1887 ιη’.]
1042 1800 1184 1865 Cltront‘d
1204 1801 1331 1866 Eusebit'
1351 1801 1444 1866 codex

415 1881 494 1948 MS.
510 1883 654 1972 collegii
669 1885 702 1950 S.
717 1886 833 1972 Magd.
848 1887 1040 1966 Netlsulites,
1055 1887 1156 1973 quiin
1171 1890 1254 1974 regis
1269 1888 1443 1973 posthunc

414 1968 549 2036 mundi
562 1969 692 2036 nomine
706 1970 863 2036 Nectulort
876 1973 1015 2038 exhibet.
1059 1973 1157 2036 Porro
1172 1973 1299 2038 Euselii
1315 1975 1444 2059 Dymis-

415 2053 732 2204 tiuannosltantum
753 2057 893 2144 quinque
914 2061 1047 2146 praebet,
1066 2057 1123 2121 sed
1141 2058 1251 2123 Cltron.
1266 2057 1335 2144 ejus
1350 2058 1444 2121 Lati-

455 2161 489 2202 m
526 2188 534 2205 .
615 2156 626 2202 1
653 2187 662 2203 .

414 2154 614 2304 nup-⁵:433·
629 2154 656 2289 18.
677 2226 848 2302 Nan-cavete
869 2226 913 2304 ἔτη
936 2226 993 2312 urst]
1018 2229 1069 2291 lta
1087 2228 1229 2312 Scaliger
1244 2226 1300 2290 ubi
1324 2248 1375 2303 ue,
1391 2227 1444 2291 fir-

414 2309 580 2375 mantibus
593 2309 702 2376 Mstis
716 2311 853 2398 Syncelli
869 2312 1032 2393 Pssumis,
1046 2335 1105 2399 pro
1121 2310 1294 2387 Νεκτανέὸης
1302 2250 1445 2375 lectione
1464 2348 1466 2354 ,

414 2393 493 2458 editi
515 2393 666 2482 syncelli.
719 2400 794 2463 Hoc
821 2412 928 2462 autem
955 2398 1039 2477 loco,
1064 2410 1101 2462 ut
1127 2420 1231 2546 supra,
1259 2397 1318 2458 etsi
1344 2397 1445 2459 Ense·
1541 2428 1544 2435 ¹
1629 2393 1634 2404 “

415 2476 458 2544 tta·
480 2479 652 2545 chronicon
672 2503 772 2546 annos
793 2483 921 2547 eosdem
943 2483 1104 2569 adposuit,
1122 2506 1155 2547 se
1199 2503 1299 2545 annos
1319 2493 1444 2545 tantum

410 2575 492 2630 octo
510 2565 673 2664 Dpnnstin
693 2566 774 2653 ejus.
816 2571 969 2634 Praeterea
990 2583 1119 2667 propter
1141 2588 1345 2631 numerorum
1368 2587 1447 2629 con·

414 2649 607 2716 wiennam
622 2651 660 2714 'in
679 2653 861 2717 Eusebiano
877 2653 1040 2717 Chromco
1055 2675 1129 2718 cum
1144 2650 1288 2716 Africani
1302 2673 1374 2735 quae
1389 2674 1445 2716 vo·

414 2741 488 2800 mu
507 2749 560 2800 est
578 2733 749 2885 Dpnsstia
762 2738 844 2802 hanc
858 2738 1050 2825 Dynastiam
1066 2761 1140 2801 cum
1156 2738 1254 2801 altera
1268 2736 1448 2800 Eusebiana

414 2834 604 2887 eommutsn
628 2842 770 2887 amesae
791 2824 942 2911 opinatur
961 2825 1100 2889 Goarus.
1145 2825 1319 2909 Utcunque
1341 2844 1391 2886 res
1413 2843 1448 2887 se

414 2902 525 2985 babet,
548 2928 651 2971 annos
675 2908 771 2971 trium
798 2909 913 2974 harum
937 2910 1187 2995 penultimarum
1216 2910 1249 2972 D
1274 2908 1447 2972 nastiarum

414 2991 471 3077 qni
490 2990 694 3077 colliguntur
712 2999 764 3073 64,
782 2994 953 3059 defectioni
972 2996 1060 3083 AEgy
1085 2997 1175 3059 tiacae
1197 3017 1216 3059 a
1262 2993 1364 3058 ersico
1385 2993 1448 3057 im·

414 3075 504 3163 perio
519 3076 741 3143 attribuendus
756 3100 836 3157 esse,
849 3081 974 3144 censuit
991 3101 1049 3143 eru
1073 3080 1223 3144 itissimus
1242 3079 1392 3143 Usserius
1414 3078 1448 3142 in

414 3160 605 3241 matium,
625 3163 724 3228 veteri
742 3163 897 3231 historico
917 3165 1067 3230 Diodoro
1091 3165 1200 3229 Siculo
1222 3165 1256 3229 in
1277 3163 1448 3229 consilium
1547 3175 1551 3183 '

414 3244 587 3313 adhibito.—

736 3453 973 3521 DYNASTIA
1002 3453 1130 3517 XXXI.

457 3586 545 3653 lbid.
560 3588 583 3654 l.
594 3594 626 3653 6.
648 3592 744 3675 εἰκοςῷ
766 3587 830 3674 ἔτει]
856 3587 1000 3673 Scaliger
1020 3587 1066 3651 ait
1087 3586 1119 3651 in
1144 3585 1301 3651 &nonum
1321 3583 1447 3672 Isagog.

374 3758 377 3763 Ι
414 3670 534 3751 Libris,
553 3679 576 3713 “
587 3674 653 3738 Hic
675 3673 802 3738 decimo
824 3675 961 3759 septimo
982 3694 1066 3737 armo
1088 3671 1180 3757 regni
1199 3670 1249 3735 sui
1263 3670 1448 3756 AEgyptunr

415 3756 610 3845 “recepit''
645 3758 810 3823 Ptolemaei
838 3759 883 3823 Re
926 3782 957 3821 m
984 3759 1098 3823 Carion,
1124 3779 1224 3821 annos
1248 3768 1371 3819 tantum
1396 3769 1448 3819 21.

415 3842 514 3909 Ocho
532 3842 690 3915 attribuit.
732 3845 865 3909 Habent
922 3843 971 3908 Sti
989 3842 1139 3921 Parisini,
1158 3847 1205 3917 τῆς
1223 3844 1311 3903 αὐτῶν
1330 3845 1449 3925 Περσῶν

413 3928 574 4009 βασιλείας,
590 3950 650 4015 pro
664 3935 711 4006 τῆς
726 3936 822 4039 ἑαυτοῦ
836 3935 879 3993 Π.
894 3932 926 4008 β.
940 3929 1001 3992 for.
1016 3927 1145 4023 legend.
1161 3931 1256 3990 αὐτοῦ.
1288 4008 1295 4022 ι
1420 4007 1428 4023 ⁰

415 4012 770 4185 ςιιιοδιξῐεειῐεζᾳιξὲἲῃςὶἐ
786 4009 1357 4185 IctypnlgzslpggrgPpIrtgupgusSfflglgp
1372 4008 1447 4161 diri.

417 4198 466 4249 10.
480 4183 624 4283 Syncelli
638 4206 712 4249 vero
727 4197 831 4248 textus
846 4182 943 4248 habet
958 4182 1002 4261 ἔτη
1016 4181 1058 4262 β’.
1087 4266 1095 4281 ⁸
1343 4263 1362 4277 ..

458 4268 543 4333 Ibrd.
557 4268 580 4334 1.
595 4281 625 4333 e.
649 4267 693 4346 ἔτη
715 4269 770 4353 γ’.]
790 4270 853 4334 Sed
875 4268 1019 4355 Scaliger
1040 4267 1160 4352 ubsque
1180 4277 1215 4329 et
1234 4262 1361 4328 Euselu
1376 4265 1449 4351 Dy-

412 4353 519 4453 nattis!
530 4354 639 4438 Ἀρσῆς
652 4352 741 4458 'fixe
759 4354 803 4432 iim
819 4353 840 4417 ἵ
844 4402 852 4419 .
965 4438 972 4453 .
1091 4435 1098 4449 Ι
1350 4432 1364 4458 ν
1427 4430 1437 4457 '

459 4438 545 4503 Ibrd.
557 4440 581 4503 l.
592 4456 623 4517 9.
645 4445 760 4524 Δαρειος
772 4438 816 4517 ἔτη
829 4438 875 4523 ἱ]
891 4438 1035 4523 Scaliger
1044 4435 1164 4521 ubrque
1177 4447 1210 4499 et
1222 4434 1335 4499 Euseb.
1349 4459 1393 4508 mr
1409 4459 1448 4504 ς.

458 4522 542 4589 Ibid.
554 4522 577 4587 1.
592 4537 639 4587 ιο.
654 4527 733 4607 ‘Opi
749 4524 793 4602 ἔτη
807 4523 849 4610 γ’.
870 4529 952 4606 Tap&
962 4522 1027 4607 pest]
1043 4523 1103 4597 lta,
1112 4534 1186 4606 post
1197 4521 1295 4585 libros
1307 4519 1448 4614 primurn

412 4620 449 4671 et
465 4608 644 4673 secundum
668 4611 793 4673 numeri
816 4619 1031 4686 recensentur,
1056 4628 1115 4670 nec
1136 4605 1448 4701 1ι1ειὶΡαηςιωιειςΞ

413 4690 534 4759 habent
545 4691 582 4768 ς’.
597 4715 657 4781 pro
667 4694 709 4780 γ’.
720 4707 753 4759 et
764 4699 818 4777 ἁμᾶ
834 4716 893 4783 pro
904 4693 989 4774 τάμε,
1000 4705 1097 4780 prout
1109 4690 1235 4757 Gnarus
1249 4687 1291 4755 ad
1305 4686 1449 4776 Syncelb

907 4791 959 4847 '83
