4092 5675
575 781 749 854 Annon.
765 784 818 851 ru
835 780 1059 850 nrarcaur
1076 780 1332 854 cunourcn.
1412 805 1475 880 211

435 979 512 1028 rum
525 959 615 1048 prior
629 958 769 1024 indicem
785 956 885 1022 habet
899 978 988 1021 num.
1007 969 1096 1036 1711,
1113 961 1220 1037 (antea
1234 970 1303 1034 713.
1317 980 1355 1025 ac
1368 964 1472 1045 1217.)

433 1049 558 1134 dequo
569 1042 992 1112 nonnihilMontfaucnnius
1003 1043 1036 1109 in
1047 1043 1199 1110 Billintk.
1212 1045 1476 1112 Bibliotloecarm

434 1150 521 1199 tom.
541 1134 575 1198 ii.
603 1155 637 1219 p.
659 1146 746 1195 1151.
771 1130 852 1196 alter
874 1151 1010 1194 numero
1039 1137 1125 1207 176⁴.
1151 1131 1306 1218 signatur.
1349 1135 1477 1199 Neuter

434 1242 527 1299 vero,
540 1231 700 1320 quantum
714 1238 755 1281 ex
772 1215 916 1281 Africani
953 1216 1064 1280 uidem
1078 1217 1170 1282 variis
1188 1218 1382 1286 lectionibus
1395 1218 1478 1285 mili

435 1306 532 1372 licuit
549 1305 707 1406 pudicare,
719 1302 913 1390 archetypus
968 1301 993 1366 ‘t
1012 1303 1163 1368 Goarinae
1180 1304 1342 1385 editionis,
1363 1305 1478 1371 saltem

434 1405 600 1479 postenor
609 1390 741 1455 illorum
753 1411 818 1453 non
829 1389 909 1466 fuit3
924 1388 1011 1473 prior
1023 1388 1153 1475 quidem
1166 1391 1207 1454 ab
1222 1412 1259 1455 ea
1272 1392 1405 1477 propius
1418 1391 1480 1457 ob·-

433 1491 500 1557 est,
514 1498 620 1565 eoque
633 1496 719 1562 saepe
731 1497 809 1540 usus
829 1475 962 1539 fortasse
982 1490 1033 1540 est
1056 1476 1194 1540 Gnarus.
1231 1476 1389 1542 Conferas
1404 1498 1479 1543 vero

435 1577 551 1628 notam
568 1564 608 1627 ad
621 1563 762 1647 Dynast.
777 1582 860 1639 xvr,
875 1560 1020 1647 aliosque
1035 1560 1135 1626 locos.
1178 1561 1234 1626 Ad
1249 1563 1386 1628 alterurn
1401 1563 1479 1628 MS.

437 1649 529 1736 quod
544 1650 670 1728 attinet,
681 1647 742 1711 etsi
755 1647 847 1711 initio
861 1659 895 1710 et
909 1646 971 1711 fine
985 1661 1018 1711 et
1032 1646 1157 1733 aliquot
1168 1647 1238 1712 aliis
1249 1669 1379 1736 quoque
1392 1647 1480 1715 iobis

436 1735 575 1800 mutilus
589 1746 651 1814 est,
664 1746 772 1798 tamen
788 1732 915 1818 copiam
937 1733 1141 1819 egregiarum
1163 1732 1340 1800 lectionum
1361 1756 1480 1821 suppe-

435 1820 563 1886 ditavit.
621 1822 695 1884 Imo
722 1831 858 1903 uterque
888 1840 1110 1905 saepenumero
1138 1841 1245 1885 veram
1275 1821 1479 1907 scripturam,

435 1929 538 1994 qnam
561 1906 724 1972 interdum
745 1927 784 1970 ex
806 1902 992 1990 conjecturo
1011 1917 1140 1970 tanturn
1157 1927 1313 1992 reponere
1328 1906 1416 1993 prins
1431 1908 1479 1971 vi-

436 2015 513 2059 sum
533 1994 650 2069 fuerat,
667 1991 829 2078 praestitit,
843 1990 1026 2078 multasque
1045 1992 1202 2079 Scaligeri
1221 1994 1376 2058 lectiones
1399 2015 1479 2058 con·

435 2079 587 2143 firmavit.
623 2078 720 2142 Locis
736 2077 837 2163 igitur
851 2078 963 2162 paucis
978 2078 1171 2163 quibusdam
1186 2080 1325 2157 omissis,
1340 2102 1414 2165 que
1427 2078 1479 2144 di·

434 2177 526 2230 serto
540 2164 687 2229 destituti
706 2163 894 2228 testimonio
914 2164 1058 2248 Scaliger
1078 2164 1194 2250 aliique
1208 2178 1281 2249 post
1295 2186 1371 2228 eum
1387 2164 1478 2229 Adri·

434 2272 520 2316 cano
531 2250 761 2328 attribuerunt,
773 2249 895 2335 reliqua
907 2248 1027 2327 omnia,
1040 2271 1137 2335 quarn
1149 2250 1407 2316 emendatissime

389 2347 393 2352 “
435 2337 497 2416 tui,
510 2335 637 2402 edenda
649 2336 757 2401 curavi
762 2359 773 2415 3
791 2335 942 2400 Cedreno
957 2357 1088 2421 quoque
1103 2336 1227 2401 chrono
1267 2335 1353 2422 apho
1367 2337 1405 2399 in.
1415 2270 1480 2402 pet-‘c

436 2423 575 2510 negotio
583 2422 742 2501 adhibito,
753 2422 808 2509 qui
818 2422 850 2486 in
862 2420 1074 2485 Historiarum
1086 2358 1271 2507 compelli
1281 2444 1353 2500 suo,
1362 2434 1480 2508 praeter

435 2509 501 2574 alia
515 2531 629 2595 pauca,
645 2509 799 2573 nonnulla
812 2530 925 2572 eorum
946 2507 1107 2586 excitavit,
1120 2531 1193 2595 quae
1208 2521 1284 2573 ante
1296 2530 1372 2572 eum
1390 2521 1480 2573 attu-

435 2594 519 2660 lerat
531 2595 697 2680 Georgius
712 2593 766 2658 ille
781 2593 962 2680 Syncellus.
1005 2594 1096 2657 Loca
1110 2615 1207 2679 porro
1222 2593 1359 2681 hujusce
1373 2594 1480 2679 operis

437 2680 589 2767 insignia,
604 2703 676 2767 quse
690 2680 849 2743 Eusebius
865 2681 897 2743 in
913 2678 1151 2762 Proeparalione
1166 2694 1261 2829 atque
1273 2683 1480 2745 Demonstra-

439 2767 523 2831 iinne
550 2768 678 2854 Evnng.
705 2764 849 2844 adduxit,
871 2787 936 2829 non
960 2777 1086 2828 tantum
1110 2788 1204 2829 emen
1228 2766 1341 2846 atiora,
1366 2766 1423 2830 sed
1444 2779 1481 2832 et

439 2855 588 2920 auctiora
602 2876 622 2917 o
680 2852 821 2939 Syncelli
844 2866 878 2917 et
899 2851 1036 2915 aliorum
1053 2865 1234 2932 auctorum,
1250 2875 1375 2917 necnon
1389 2853 1480 2918 codi-

438 2962 515 3005 cum
532 2942 620 3003 Euse
645 2939 667 3002 ii
681 2939 779 3002 MSS.
796 2937 940 3023 praestiti.

484 3025 551 3089 Sed
564 3025 635 3089 haec
650 3024 814 3088 hactenus.
844 3025 883 3086 In
898 3022 1017 3087 celebri
1033 3023 1089 3087 illo
1104 3024 1286 3089 Eusebiano
1302 3025 1480 3105 Chronico,

439 3111 537 3199 cujus
551 3111 656 3197 ipsum
673 3110 739 3173 lieri
755 3109 882 3172 initium
897 3130 972 3173 curn
988 3107 1134 3173 Africani
1150 3111 1251 3175 verbis
1266 3111 1349 3175 infra
1371 3125 1481 3176 osten·

438 3198 530 3278 dam,
544 3197 586 3261 ad
600 3198 703 3260 Num.
719 3215 801 3259 xxr.
818 3215 849 3280 p.
866 3201 933 3272 169.
948 3195 1052 3259 multa
1067 3195 1100 3258 id
1114 3217 1217 3281 genus
1232 3196 1304 3259 loca
1318 3197 1483 3276 omittens,

439 3283 598 3348 insertum
613 3283 711 3345 fuisse
726 3293 831 3344 totum
848 3281 992 3344 Africani
1010 3281 1076 3344 fere
1100 3302 1182 3365 opus
1205 3282 1350 3366 Scaliger
1368 3303 1482 3346 cense-

439 3371 509 3447 bat,
533 3369 611 3432 dum
640 3383 749 3431 tamen
774 3366 932 3430 Eusebius
954 3367 1005 3431 vix
1026 3365 1157 3430 tandem
1179 3365 1263 3430 illius
1285 3365 1480 3449 meminerit,

441 3456 505 3521 nisi
519 3455 551 3518 in
568 3455 617 3530 iis,
630 3454 663 3516 in
678 3453 795 3538 quibus
806 3453 847 3515 ab
860 3451 930 3539 ejus
944 3452 1101 3516 sententia
1115 3451 1262 3516 discedit.
1284 3451 1360 3518 Vid.
1376 3453 1481 3517 Scali-

440 3541 512 3627 geri
530 3540 713 3623 l’rolcgorn.
728 3541 759 3601 in
778 3536 927 3601 Chronica
941 3537 1083 3616 Eusebii,
1097 3560 1129 3624 p.
1142 3562 1170 3602 v.
1215 3539 1288 3602 Irno
1311 3538 1399 3603 haud
1420 3537 1482 3604 du·

441 3627 557 3693 bitavit
568 3626 614 3687 vir
629 3625 759 3688 illustris
771 3647 845 3688 curn
862 3625 917 3702 ibi,
930 3637 999 3688 tum
1014 3624 1047 3687 in
1061 3624 1214 3710 Epistolis
1228 3624 1305 3705 suis,
1314 3624 1483 3704 affirmare,

442 3712 525 3777 nihil
552 3710 764 3788 luculentum,
788 3725 961 3788 vetustum,
983 3710 1141 3774 excellens
1166 3712 1198 3774 in
1226 3733 1266 3775 eo
1290 3732 1370 3789 esse,
1393 3710 1493 3798 quod„

440 3820 509 3863 nnn
524 3819 565 3860 ex
578 3796 733 3860 Africano
748 3797 904 3859 Eusebius
916 3796 1162 3882 deprompserit.
1197 3795 1400 3884 Ὑπερέολικῶς
1416 3797 1484 3861 for·

441 3897 529 3949 tasse
553 3882 688 3947 dictum.
736 3884 969 3946 Verumtamen
992 3882 1072 3945 nihil
1093 3882 1233 3947 alienum
1257 3905 1316 3947 usu
1338 3897 1483 3947 veterum

440 3970 649 4054 scriptorum,
665 3968 826 4054 praecipue
840 3968 1127 4053 chronologorum,
1141 3969 1182 4032 ab
1202 3968 1355 4055 episcopo
1374 3968 1486 4035 Caesa-

375 4052 380 4059 ’
441 4055 540 4121 riensi
556 4056 679 4118 factum
695 4076 765 4117 esse
780 4054 936 4117 novimus.
970 4055 1087 4140 Neque
1101 4076 1174 4118 vero
1189 4055 1404 4119 omittendum
1419 4055 1484 4122 hoc

441 4155 506 4219 est,
521 4140 697 4205 Eusebium
714 4141 819 4227 ipsum
837 4140 946 4203 omnia
966 4162 999 4204 se
1018 4140 1135 4204 debere
1150 4161 1226 4204 cum
1241 4141 1397 4206 Africano
1412 4157 1484 4206 tum

443 4225 527 4305 aliis,
543 4250 618 4324 quae
641 4239 716 4312 post
739 4225 930 4289 Neherniam
953 4227 1040 4310 apud
1058 4227 1216 4290 Hebraeos
1235 4241 1329 4313 gesta
1348 4243 1434 4306 sunt,
1449 4227 1486 4292 in

436 4312 596 4377 'Chronico
618 4334 676 4376 suo
694 4313 872 4397 professum
893 4334 962 4376 esse
978 4310 1017 4375 ad
1032 4333 1083 4375 an.
1097 4312 1237 4377 Abrahae
1256 4332 1484 4384 mntxxxw,

443 4419 478 4487 p.
505 4412 572 4462 132.
598 4397 649 4461 ed.
679 4399 786 4461 Amst.
811 4397 885 4460 anni
911 4403 996 4461 1658.
1047 4397 1145 4462 Certe
1166 4398 1300 4484 pulchre
1322 4399 1407 4462 idern
1431 4397 1484 4461 hic

443 4484 586 4584 scriptor
607 4483 639 4546 in
662 4484 841 4546 Demonstr.
865 4485 992 4570 Evung.
1017 4481 1074 4546 lib.
1095 4483 1158 4547 viii.
1182 4505 1213 4583 p.
1233 4500 1283 4548 38.
1310 4497 1484 4569 postquam

444 4570 591 4635 Afncani
611 4568 720 4632 locum
736 4569 896 4655 quendam
917 4568 1047 4632 nornine
1069 4583 1209 4633 auctous
1227 4581 1484 4632 commemorato

445 4654 595 4733 adduxit,
611 4656 759 4742 oponsius,
775 4655 830 4733 ait,
845 4659 1018 4742 onyxgiebnq
1032 4655 1082 4736 μὲν
1098 4659 1302 4739 euprepium
1317 4657 1374 4728 τοῖς
1390 4662 1485 4727 καλῶς

439 4742 489 4826 ’ὕφ’
505 4742 603 4829 ΗΜ
616 4740 772 4828 εἶςημόνως·
793 4746 832 4825 μὴ
845 4746 899 4825 μὴν
913 4743 1053 4828 intersepsit
1067 4741 1129 4816 τοὺς
1140 4739 1271 4827 πατέρας
1284 4748 1338 4804 τῶν
1354 4740 1486 4826 iyys'rar,
