4092 5675
743 763 796 856 nr
815 786 1036 854 armentu
1060 783 1312 855 onnomcn.
1475 792 1538 879 νος

507 959 603 1112 md
629 959 697 1046 ipse
721 969 792 1024 tum
815 959 895 1028 scire
919 958 1037 1045 potuit,
1059 982 1134 1024 cum
1157 960 1299 1026 nondum
1323 958 1427 1024 editus
1453 976 1539 1029 esset

525 1085 528 1090 ·
588 1045 677 1131 rgius
691 1044 868 1132 syncellus,
881 1046 967 1132 apud
980 1067 1076 1131 quem
1091 1043 1219 1131 quidem
1239 1046 1281 1110 ad
1301 1066 1377 1131 pag.
1394 1060 1459 1111 100.
1474 1062 1540 1114 sta-

499 1131 573 1200 tim
588 1143 664 1196 ante
676 1136 751 1217 pirri
764 1129 852 1194 illam
868 1130 909 1195 de
922 1133 1007 1196 Loto
1023 1144 1057 1195 et
1074 1130 1154 1195 mari
1172 1147 1302 1196 mortuo
1318 1130 1388 1217 jam
1409 1132 1538 1198 allatam

506 1215 586 1284 lraec
600 1235 673 1303 quae
687 1229 872 1323 sequuntur,
886 1229 994 1280 extant
1005 1239 1015 1294 ς
1036 1214 1168 1301 Ἀέραὰμ
1181 1215 1349 1302 παρῴκησεν
1361 1220 1388 1280 έν
1400 1218 1538 1305 Γνρέρονς.

507 1303 542 1382 ἥν
559 1327 629 1377 τινες
645 1301 817 1366 Ἀσκαλοννᾶ
830 1319 912 1384 φασιν
925 1302 1001 1382 clrior,
1015 1302 1085 1388 eigil,
1102 1303 1271 1388 Ἀφρικανός.
1297 1300 1429 1387 Ἀέροιοὶμ
1443 1302 1540 1370 {Aeger

508 1391 561 1466 ἠν
574 1392 716 1473 Χποῦςαν
729 1391 849 1472 γυναῖκα
868 1392 941 1469 μετὰ
954 1391 1082 1466 τελευτὴν
1095 1386 1204 1475 Erigor,
1218 1392 1244 1451 έν
1257 1393 1298 1471 τῷ
1309 1388 1384 1472 *piper
1397 1392 1493 1468 αὐτοῦ,
1509 1393 1540 1469 ii

504 1469 542 1550 ἧς
562 1472 629 1558 ἕχον
650 1471 707 1547 υἷές
728 1471 759 1536 ε’.
782 1473 945 1559 Σομοορνὰμ,
966 1476 1084 1549 Ἰεκτοὶν,
1106 1474 1230 1554 Malaia,
1254 1475 1388 1554 Μαὸνοὶμ,
1411 1473 1539 1540 Ἰεσέῶκ.

511 1557 601 1628 Cum
615 1579 695 1643 ergo
715 1579 754 1622 ex
775 1558 845 1623 solo
866 1558 929 1622 isto
951 1558 1092 1646 Syncelli
1105 1557 1191 1637 1000,
1206 1558 1266 1622 nisi
1278 1557 1459 1624 accessisset
1475 1560 1539 1624 Ce-

504 1642 603 1708 dreni
625 1643 855 1721 testimonium,
873 1666 937 1707 non
959 1656 1144 1731 sequeretur
1163 1643 1197 1707 id
1218 1642 1306 1730 quod
1328 1665 1412 1708 nunc
1475 1646 1540 1710 lem

509 1742 572 1807 est,
586 1728 731 1794 Africani
746 1729 855 1793 onmia
868 1729 938 1793 haec
952 1750 1032 1809 esse,
1046 1729 1120 1793 inde
1135 1743 1260 1793 constat
1279 1729 1382 1793 multa
1459 1752 1539 1795 eun·

511 1812 586 1877 dem
612 1814 798 1877 Africanum
821 1815 977 1901 pertinere
1000 1836 1095 1900 posse
1119 1814 1205 1900 apud
1230 1815 1289 1879 hos
1311 1814 1539 1902 chronologos,

504 1896 584 1986 ‘quae
600 1896 687 1963 haud
699 1899 774 1962 licet
787 1920 846 1985 pro
859 1912 946 1964 certo
960 1900 990 1963 ei
1005 1900 1163 1974 tribuere.

555 1983 590 2048 P.
608 1997 674 2047 153.
689 1983 711 2046 l.
728 1999 755 2047 1.
775 1988 822 2062 τὴν
836 1992 878 2048 νῦν
892 1984 1063 2049 Ἀσκάλωνα
1076 1983 1240 2068 λεγομένην]
1254 1984 1443 2069 Legendum
1459 1996 1539 2070 puto
1581 2007 1584 2012 '

510 2071 545 2154 vj
565 2074 610 2132 νῦν
629 2070 790 2132 Ἀσκάλωνι
812 2068 956 2155 λεγομένῃ.
999 2071 1046 2133 At
1060 2092 1134 2132 vero
1149 2070 1242 2132 urbes
1258 2071 1378 2134 Gerara
1392 2084 1425 2133 et
1439 2070 1540 2134 Asca·

508 2151 565 2218 lon
586 2174 711 2239 semper
732 2154 860 2218 diversae
881 2155 964 2218 inter
985 2176 1019 2217 se
1043 2154 1139 2218 fuisse
1159 2154 1316 2234 videntur,
1332 2176 1434 2242 neque
1453 2155 1539 2219 enim

511 2238 634 2302 Gerasa
649 2239 723 2302 urbs
737 2239 906 2303 maritima.
1263 2268 1267 2275 ·
1290 2305 1292 2312 ,

553 2322 638 2387 Ibid.
655 2323 676 2386 l.
692 2334 722 2387 4.
744 2324 813 2398 υἱοὺς
826 2324 926 2407 πέντε]
943 2320 1048 2387 Biblia
1067 2320 1099 2385 in
1124 2321 1235 2387 Genesi
1248 2344 1317 2387 xxv.
1332 2336 1362 2385 2.
1383 2343 1438 2387 sex
1459 2323 1539 2388 filios

509 2420 686 2474 recensent.
730 2408 768 2471 In
789 2407 971 2473 nominibus
991 2420 1099 2471 autem
1114 2407 1256 2491 ipsorum
1272 2408 1445 2472 scribendis
1459 2410 1540 2480 vari·
1581 2491 1585 2496 ³

510 2504 567 2557 ant
592 2514 669 2568 curn
694 2494 841 2580 exempla
869 2494 984 2558 Graeca
1006 2504 1040 2556 et
1058 2492 1183 2572 Latina,
1209 2506 1279 2558 tum
1304 2506 1462 2575 auctores,
1483 2494 1540 2580 qui

509 2576 599 2644 hunc
612 2579 647 2643 S.
659 2579 831 2667 Scripturae
845 2580 954 2646 locum
968 2576 1180 2645 adduxerunt.

989 2835 1065 2903 XV.

551 3004 640 3070 Ibid.
651 3006 673 3070 l.
687 3019 732 3067 12.
753 3003 952 3089 Ἑέδομῆκονῖα
962 3009 1024 3071 lule
1039 3007 1112 3091 lic]
1127 3006 1248 3070 Confer
1263 3005 1341 3071 Gen.
1353 3028 1445 3093 capp.
1456 3005 1539 3072 xxix.

509 3100 545 3161 et
557 3114 631 3155 xxx.
650 3106 684 3155 et
703 3111 773 3174 cap.
787 3091 841 3154 xli.
855 3114 975 3157 comm.
989 3098 1041 3156 46.
1057 3106 1090 3157 et
1109 3113 1202 3177 capp.
1216 3092 1300 3156 xlvii.
1320 3115 1440 3157 comm.
1456 3110 1486 3170 9.
1500 3113 1541 3156 ex

510 3176 629 3263 quibus
653 3176 731 3239 locis
754 3175 841 3240 idom
866 3177 971 3263 ipsum
995 3176 1036 3240 de
1058 3177 1172 3241 Jacobi
1196 3191 1291 3240 aetate
1312 3178 1471 3263 colligunt
1492 3176 1543 3241 vel

510 3261 767 3351 praestantissimi
778 3261 979 3346 chronologi.
1012 3260 1077 3324 Sed
1091 3261 1226 3346 opponit
1242 3283 1276 3325 se
1290 3262 1442 3326 Africano
1456 3263 1540 3349 Syn-

509 3346 611 3411 cellus
635 3360 787 3426 statuens,
806 3347 965 3411 Jacobum
987 3368 1072 3410 anno
1094 3347 1196 3410 aetatis
1217 3367 1283 3408 suae
1305 3358 1355 3422 73.
1377 3361 1540 3433 paternam

509 3431 677 3517 reliquisse
698 3430 845 3511 domum,
869 3431 961 3517 cujus
985 3432 1122 3496 rationes
1148 3430 1229 3496 tueri
1251 3433 1378 3495 Goarus
1400 3431 1433 3495 in
1457 3432 1541 3497 notis

492 3515 710 3602 ·ag'greditur.
745 3515 831 3580 Cum
853 3517 1006 3580 Africano
1027 3531 1135 3581 autem
1157 3517 1318 3583 consentit
1337 3518 1470 3602 Prosper
1492 3518 1541 3581 A·

558 3603 662 3665 'tanus
682 3601 715 3664 in
736 3600 880 3665 Chronico
895 3603 964 3665 Inte
985 3626 1030 3682 ro,
1046 3602 1134 3689 quod
1155 3602 1314 3667 Labbaeus
1334 3603 1455 3688 primus
1472 3602 1542 3666 edi·

508 3622 572 3763 alt,
588 3707 620 3772 p.
635 3693 702 3748 526.
722 3686 926 3750 Vetusliorum
1004 3697 1028 3751 t.
1056 3688 1195 3752 Clrrorric
1224 3709 1243 3751 a
1268 3687 1434 3751 Roncallio
1457 3709 1541 3751 anno

515 3781 603 3845 1787.
621 3771 737 3834 Patavii
752 3772 836 3856 typis
850 3772 1010 3857 impressu
1027 3773 1136 3836 Posuit
1156 3773 1237 3837 hanc
1257 3778 1331 3859 ῥῆσιν
1353 3773 1496 3858 Scaliger
1508 3772 1541 3836 in

511 3854 701 3919 Eusebianis
715 3855 755 3917 ad
769 3877 844 3952 pag.
856 3871 905 3919 22.
920 3857 1035 3921 additis
1050 3859 1163 3935 verbis,
1178 3860 1212 3931 ὠς
1228 3860 1258 3920 ἐκ
1272 3863 1319 3934 τῆς
1337 3863 1453 3942 γραφῆς,
1491 3881 1541 3921 uae

511 3938 642 4025 quidem
659 3940 794 4024 Georgii
815 3942 955 4027 Syncelli
971 3963 1041 4004 esse
1058 3956 1149 4028 puto,
1164 3943 1219 4028 qui
1234 3941 1308 4006 huic
1322 3946 1405 4028 ῥήσει,
1420 3943 1458 4007 tit
1495 3948 1543 4006 ol

510 4024 677 4110 Ἀφρικανὸς
689 4025 860 4110 insignitae,
875 4028 969 4090 verba
983 4027 1157 4111 subjunxit,
1174 4030 1208 4102 ὥς
1228 4030 1260 4092 ix
1278 4032 1326 4104 τῆς
1345 4034 1463 4116 γραφῆς·
1485 4030 1545 4107 ἡδὲ

511 4115 606 4198 γραφὴ
621 4111 738 4192 οὐδαμοῦ
753 4110 875 4194 φαίνετον
888 4119 967 4175 τοῦτο
981 4111 1108 4198 λέγουσα
1122 4113 1183 4177 διο.

926 4362 928 4368 ’
986 4365 1080 4429 XVI.

559 4531 644 4598 Ibid.
659 4531 681 4597 l.
699 4548 745 4609 17.
773 4537 839 4596 οὔτε
854 4514 926 4596 naid
939 4538 979 4596 vl·
994 4536 1139 4618 Ἀφρικανὸν
1154 4533 1227 4620 &c.]
1252 4536 1395 4622 Scaliger
1414 4533 1543 4623 quidem

490 4681 495 4690 ,
514 4617 558 4683 ad
572 4640 649 4705 pag.
663 4633 714 4682 22.
734 4618 936 4682 Eusebianor.
959 4641 1034 4684 curn
1054 4640 1092 4682 ea
1135 4642 1183 4684 uae
1199 4634 1384 4707 sequuntur,
1398 4636 1466 4686 tum
1482 4623 1544 4687 alia

488 4703 720 4793 „qutedamde
736 4703 833 4801 Crete
851 4704 957 4791 primo
973 4704 1086 4775 insule
1096 4641 1210 4779 ἔκιε
1225 4727 1311 4793 rege,
1326 4707 1545 4777 Africanoet·
