4092 5675
725 773 777 842 IN
799 773 906 841 Cllll¹
920 771 1216 840 FRAGMENTA.
1443 793 1481 845 21

439 956 514 1010 turn
534 939 689 1032 opinionis
710 944 796 1010 iilius
817 956 971 1010 auctorem
991 944 1031 1009 alr
1052 944 1176 1010 ecclesio
1196 944 1354 1010 remouit?
1383 946 1480 1011 Unde

436 1031 625 1110 conficitur,
639 1052 697 1094 eos
711 1052 774 1095 nou
789 1032 893 1096 solum
908 1031 1050 1096 Victoris
1064 1031 1274 1117 temporibus,
1286 1031 1341 1095 sed
1356 1045 1389 1097 et
1400 1033 1479 1097 Vic-

441 1118 508 1181 tori
532 1117 594 1204 ipsi
607 1115 780 1181 calumnia
800 1116 963 1204 imposita,
988 1131 1131 1181 sanctum
1154 1116 1246 1180 illum
1267 1138 1384 1217 papam
1403 1140 1479 1204 per-

441 1225 541 1267 versae
555 1202 712 1266 doctrinae
725 1224 791 1278 suae
804 1216 992 1267 assertorem
1006 1201 1134 1266 mentiri
1149 1224 1212 1266 rron
1228 1201 1381 1267 timursse.
1415 1204 1479 1268 His

442 1288 545 1373 igitur
559 1303 774 1352 consentanea
792 1287 936 1376 loquitur
949 1287 1120 1365 Eusebius,
1135 1307 1209 1351 cum
1225 1287 1393 1353 hereticos
1408 1310 1480 1354 eos·

441 1374 518 1439 dem
532 1371 657 1438 inducit
671 1371 1048 1452 affirmantes,veritatem
1063 1374 1103 1436 ab
1119 1372 1189 1458 ipso
1205 1373 1295 1458 Zeph
1321 1374 1390 1437 rino
1401 1375 1480 1439 Vic-

439 1460 523 1523 toris
536 1480 722 1525 successore
736 1459 876 1545 primum
893 1458 991 1521 fuisse
1005 1457 1227 1522 adulteratam.
1306 1480 1343 1523 ec
1356 1460 1419 1523 alia
1432 1462 1479 1525 vi-

441 1544 540 1609 detur
553 1545 644 1623 ratio,
661 1545 824 1610 cur-illum
839 1544 978 1608 veritatis
999 1543 1246 1607 adulteratorem
1267 1565 1336 1607 esse
1355 1545 1479 1609 edum-

441 1630 617 1708 murentur,
632 1631 693 1694 nisi
708 1630 795 1718 quia·
805 1652 880 1694 eum
901 1628 1056 1693 acriorem
1075 1628 1319 1713 experiebantur
1334 1651 1390 1695 seu
1405 1651 1478 1716 per·

439 1715 600 1781 versitatis
617 1737 690 1779 'suae
709 1717 847 1791 hostem,
862 1736 918 1778 seu
936 1714 1106 1779 divinitatis
1127 1714 1248 1777 Christi
1266 1713 1479 1781 defensorem.

433 1801 549 1865 Tanto
571 1800 717 1888 ejusdem
744 1801 872 1865 deitatis
898 1801 1026 1864 tuendae
1047 1800 1155 1865 studio
1176 1799 1420 1882 accendebatur,
1442 1816 1481 1867 ut

439 1909 517 1951 cum
535 1883 711 1951 Coniessor
733 1887 863 1973 quidam
886 1886 1010 1950 Natalis
1033 1885 1162 1950 nomine
1176 1885 1218 1949 ad
1238 1886 1480 1953 Theodotianos

440 1972 568 2037 Christi
589 1971 661 2037 Dei
675 1972 867 2035 adversarios
889 1971 1069 2050 defecisset,
1093 1970 1270 2057 aegerrime,
1291 1994 1329 2035 ac
1353 1974 1481 2039 nonnisi

438 2058 555 2123 multis
572 2059 703 2122 siucerae
720 2054 915 2144 poenitentia*
934 2056 1005 2143 ejus
1025 2057 1148 2121 indiciis
1162 2057 1273 2135 victus,
1288 2057 1403 2123 adduci
1418 2082 1479 2146 po·

439 2145 551 2221 tuerit,
576 2159 613 2207 ut
639 2165 715 2206 eum
742 2141 1069 2206 ad'communionem
1094 2142 1288 2207 admitteret.
1326 2145 1475 2210 Parrus

440 2229 668 2294 Cousrsu'r.
690 2228 732 2292 ad
753 2228 840 2293 Rom.
866 2227 987 2327 Poatpf.
1012 2226 1185 2312 Epistolas,
1210 2228 1243 2291 in
1267 2228 1384 2316 quibus
1407 2232 1479 2294 haec

438 2316 551 2401 posuit
565 2315 606 2378 ad
619 2335 695 2400 pag.
709 2327 777 2390 107.
814 2313 1037 2414 Zephyrruum
1051 2313 1177 2378 Victori
1196 2312 1229 2376 in
1245 2313 1397 2379 cathedra
1413 2318 1479 2380 Ro·

438 2422 546 2464 manae
567 2398 712 2463 ccclesiae
735 2421 924 2463 successisse
945 2398 1070 2463 circiter
1089 2419 1208 2462 annum
1224 2397 1346 2463 Christi
1359 2400 1480 2465 ducen-

433 2487 606 2564 tesimum,
621 2485 825 2549 consentiunt
840 2506 965 2548 omnes.

377 2633 379 2636 ,
484 2573 519 2635 Ρ.
532 2585 563 2647 7.
577 2571 600 2635 l.
617 2585 663 2635 13.
685 2568 879 2659 mgsoiirtpo]
895 2595 926 2633 or
942 2566 1092 2655 aristipos
1106 2566 1236 2655 Niceplt.
1252 2568 1341 2656 quod
1360 2570 1477 2636 melius

437 2656 577 2722 videtur.
631 2658 714 2720 Mox
738 2656 824 2743 apud
849 2596 986 2719 eumiem
1012 2655 1165 2719 articulus
1190 2655 1282 2719 deest
1306 2668 1380 2720 ante
1404 2656 1478 2738 ἔθη,

436 2756 554 2807 contra
567 2756 641 2829 post
654 2743 793 2806 Τατιίινου
805 2740 935 2805 additur
947 2767 988 2807 rs.
1012 2742 1183 2805 Srrtorrr.
1216 2743 1325 2829 Quum
1343 2742 1480 2808 lucidior

437 2831 480 2894 sit
501 2830 602 2893 altera
620 2828 718 2893 lectio
737 2842 770 2892 et
786 2827 908 2893 veritati
930 2827 990 2914 ipsi
1013 2828 1121 2892 forsan
1136 2828 1277 2914 propior,
1292 2851 1355 2893 non
1370 2851 1480 2894 assen-

436 2915 585 2980 tiendum
606 2926 655 2979 est
677 2914 824 2979 Strothio
845 2913 885 2978 de
907 2934 985 2978 voce
1007 2910 1217 3002 σςεσὲυτέρων.
1254 2916 1292 2977 ln
1308 2914 1477 2999 Illiceplroro

434 3021 570 3087 quoque
589 3001 681 3064 abest
696 3002 744 3063 καὶ
759 3015 834 3064 ante
845 2999 985 3078 Turrim,
999 3021 1188 3086 semperque
1203 2999 1352 3064 scribitur
1366 2998 1477 3064 Bissu-

434 3111 492 3173 ρος,
509 3086 600 3172 quod
615 3098 778 3171 praestant,
793 3108 868 3150 cum
885 3085 1015 3148 Gruteri
1030 3084 1200 3164 lectiones,
1214 3098 1284 3149 turn
1301 3086 1395 3150 codar
1408 3086 1476 3151 Bu·

433 3194 516 3236 rocc.
543 3171 598 3258 qui
622 3192 757 3236 numero
780 3172 903 3236 142.-iu
929 3168 1080 3257 catologo
1101 3171 1270 3234 MStorum
1292 3171 1477 3236 Bodlciunoe

435 3256 643 3322 Bibliothecae
658 3257 803 3344 signatus
818 3271 878 3320 est.
921 3256 1086 3320 Caeterum
1106 3268 1237 3341 propter
1250 3278 1343 3320 voces
1358 3256 1411 3319 hic
1425 3278 1476 3320 re-

435 3344 566 3444 petitas,
579 3347 634 3405 τῶν
649 3342 780 3427 Βίκτορος
817 3341 909 3429 piros,
928 3343 1048 3406 omissa
1066 3341 1163 3404 fuisse
1184 3341 1218 3403 in
1238 3339 1343 3425 arpent
1361 3342 1475 3406 veteris

430 3428 619 3514 ¹interpretis
630 3428 743 3492 codice
754 3369 848 3492 veiha
860 3427 1004 3491 videntur
1018 3425 1138 3503 omnia,
1150 3448 1224 3513 quae
1239 3425 1463 3492 interveniunt.

481 3514 567 3578 lbid.
582 3512 605 3577 l.
622 3519 669 3576 16.
692 3514 864 3598 Κλήμεντος]
884 3513 1087 3577 Clementem
1108 3534 1178 3575 esse
1200 3513 1392 3592 Romanum,
1409 3535 1475 3580 non

421 3614 545 3667 autem
569 3597 832 3678 Alexandrinum,
858 3599 914 3686 qui
941 3598 992 3663 hic
1020 3611 1302 3677 commemoratur,
1327 3598 1474 3685 paullum

433 3687 529 3751 abe'st
543 3685 620 3771 quin
636 3685 741 3748 dicam
757 3684 925 3748 ostendere
941 3684 1034 3748 verba
1046 3683 1103 3748 illa
1115 3684 1325 3772 ruylpipparo
1342 3684 1473 3772 ugerii·

433 3797 502 3856 rapot
525 3777 580 3834 τῶν
601 3769 733 3857 Βίκτοςος
748 3770 865 3856 χρόνων.
903 3771 968 3834 Hic
982 3770 1068 3833 enim
1083 3771 1196 3834 Victor
1217 3771 1371 3833 Romanae
1384 3770 1474 3836 urbis

433 3857 608 3942 episcopus
623 3877 708 3920 auno
726 3868 792 3919 185.
813 3857 845 3921 in
865 3855 974 3920 locum
989 3854 1153 3919 Eleutheri
1168 3855 1361 3941 subrogatus
1375 3855 1474 3920 fuisse

433 3964 455 4007 a
478 3942 640 4028 plerisque
665 3939 826 4005 statuitur.
872 3941 968 4006 Certe
990 3940 1132 4005 Victoris
1157 3940 1358 4025 temporibus
1382 3940 1473 4007 haud

434 4028 597 4113 antiquior
615 4029 691 4113 jure
711 4026 774 4090 dici
794 4039 920 4112 poterat
941 4026 1093 4092 Clemens
1114 4024 1362 4090 Alexandrinus.
1404 4029 1473 4093 Ve-

433 4126 606 4178 runtamen
622 4111 701 4176 nihil
717 4110 853 4176 affirmo.

480 4198 564 4262 lbld.
579 4199 601 4262 l.
618 4214 664 4276 19.
686 4198 796 4280 ψαλμοὶ
818 4199 846 4260 ii
864 4196 921 4260 isos
942 4197 989 4260 sal
1011 4193 1077 4276 uiis)
1097 4199 1219 4278 ἀδελφῶν
1239 4198 1287 4258 o'ur'
1308 4199 1399 4282 ἀρχῆς
1421 4198 1472 4262 tri

432 4291 531 4357 σιςῶν
545 4285 709 4370 γραφεῖσα]
728 4288 860 4368 &nupxit
874 4283 921 4348 ed.
936 4260 1105 4366 steph-ex
1124 4282 1227 4366 Regio
1246 4281 1376 4369 quidem
1395 4284 1472 4347 MS.

435 4369 652 4433 scribendum
665 4384 715 4433 est
728 4371 774 4431 ἀπ’
790 4372 880 4453 ἀρχῆς
893 4381 931 4432 ut
945 4367 1044 4432 habet
1056 4366 1156 4431 codex
1172 4367 1263 4430 Med.
1278 4367 1361 4431 Fulr.
1377 4368 1472 4433 Savil.

435 4468 470 4518 et
484 4453 705 4540 Nicephorus.
748 4455 846 4518 Porro
858 4475 899 4518 ex
912 4453 962 4517 his
975 4452 1077 4516 verbis
1091 4464 1222 4538 apparet
1237 4474 1360 4516 morem
1375 4452 1473 4518 fuisse

428 4538 696 4624 antiquissimum
713 4539 745 4603 in
759 4538 903 4621 ecclesia,
916 4539 1055 4627 hymnos
1066 4551 1101 4602 et
1113 4537 1254 4623 psalmos
1269 4539 1301 4602 in
1315 4537 1473 4602 honorem

435 4621 560 4688 Christi
574 4645 780 4710 componere.
825 4624 923 4689 Certe
946 4622 1065 4688 Plinius
1086 4623 1119 4686 in
1142 4623 1288 4710 Epistola
1301 4623 1343 4687 ad
1360 4623 1473 4710 Traja-

430 4729 516 4775 num
532 4723 716 4791 auctorest,
729 4709 931 4777 Christianos
945 4709 980 4773 in
994 4731 1097 4777 unum
1109 4709 1332 4784 convenientes
1344 4707 1476 4788 Christo

933 4816 953 4859 C
965 4809 983 4859 3
