4092 5675
606 764 670 850 35⁶
874 753 878 762 ·
943 755 1304 824 suuornrrours
1391 767 1394 772 ·

612 930 792 995 Christum.
835 927 969 993 Stellam
984 941 1092 994 autem
1108 928 1149 992 ab
1164 928 1215 992 his
1228 925 1325 992 visam
1340 946 1361 989 a
1374 925 1552 992 Zoroastre
1567 945 1651 1013 pm·

609 1016 729 1082 dictam
741 1014 851 1091 fuisse,
861 1036 900 1078 ex
909 1014 1094 1079 auctoribus
1104 1012 1322 1079 Orientalibus
1334 1011 1432 1076 refert
1443 1010 1650 1078 Pridesuxius

611 1101 669 1168 lib.
681 1102 723 1166 iv.
739 1098 824 1164 Hirr.
841 1099 907 1164 Vet.
921 1110 951 1164 et
966 1100 1048 1164 Nov.
1064 1100 1147 1163 Test.
1165 1101 1299 1164 Comrex.
1314 1121 1347 1185 p.
1359 1111 1430 1176 329.
1446 1097 1504 1183 qui
1518 1096 1568 1162 ibi
1581 1117 1651 1164 mo·

610 1186 693 1266 nuit,
707 1184 816 1251 omnia
835 1184 907 1249 haeo
928 1199 1058 1271 sumpta
1076 1184 1176 1249 videri
1199 1207 1239 1250 ex
1259 1182 1416 1249 fabulosis
1433 1181 1648 1250 Orientalium

613 1271 871 1338 Christianorum
891 1269 1030 1356 scriptis.
1075 1271 1249 1356 Postquam
1264 1292 1339 1334 vero
1353 1268 1424 1334 haeo
1439 1267 1568 1355 scripsi,
1581 1290 1647 1336 oer-

610 1357 676 1424 tior
687 1357 792 1424 factus
807 1378 879 1421 sum
893 1379 914 1420 a
928 1356 970 1421 cl.
983 1354 1133 1420 Harlesio
1148 1356 1182 1420 in
1194 1354 1405 1439 Supplemerrt.
1420 1355 1463 1420 ad
1478 1355 1647 1420 lunodaot.

613 1464 705 1508 suam
720 1442 753 1508 in
767 1441 864 1529 Ling.
882 1443 940 1507 Gr.
955 1441 1018 1508 vol.
1031 1441 1064 1505 ii.
1080 1462 1113 1527 p.
1124 1452 1195 1517 370.
1209 1440 1326 1506 editam
1341 1441 1440 1506 fuisse
1460 1439 1549 1506 hane
1569 1441 1661 1511 Nar-f

612 1529 770 1596 rationem
784 1550 869 1593 anno
885 1538 970 1592 1804.
988 1548 1029 1591 ex
1047 1526 1130 1591 binis
1151 1525 1257 1592 Codd.
1281 1528 1415 1591 Monac.
1434 1548 1514 1590 cum
1538 1524 1647 1592 laum

612 1614 768 1683 Versione
783 1626 816 1678 et
830 1611 916 1678 notis
930 1611 1049 1678 criticis
1062 1633 1082 1675 a
1096 1612 1163 1678 viro
1176 1612 1292 1691 doct03
1308 1612 1365 1698 qui
1382 1624 1471 1676 recte
1484 1610 1646 1699 judieare-

593 1753 596 1758 .
612 1714 675 1779 rat,
689 1712 815 1766 tantum
828 1698 952 1777 abesse,
967 1709 1005 1762 ut
1018 1697 1171 1763 Narratio
1184 1698 1256 1762 haec
1275 1697 1316 1762 ad
1336 1696 1645 1783 scriptoremornui·

613 1808 670 1852 nm
684 1786 891 1872 antiquorum
904 1805 960 1849 ore
974 1782 1171 1848 celebratum
1187 1782 1296 1848 referri
1312 1782 1425 1869 possit,
1439 1795 1537 1848 utne
1552 1781 1645 1848 hilum

594 1931 598 1938 .
613 1870 745 1956 quidem
759 1869 923 1935 contineat
936 1867 1081 1934 Africani
1094 1867 1333 1955 chronographi
1351 1867 1484 2018 {rppenio
1505 1867 1645 1955 dignum.

613 1959 674 2022 Est
694 1969 804 2021 autem
824 1952 1003 2035 verisimile,
1018 1974 1058 2019 er
1079 1977 1144 2018 una
1164 1969 1197 2020 et
1216 1954 1328 2020 eadem
1351 1976 1373 2018 ο
1406 1953 1481 2022 cina
1497 1952 1646 2040 prodire

613 2041 710 2108 tricas
725 2041 802 2106 istas
816 2052 913 2127 atque
928 2039 1225 2106 Pseudo-Crotonis
1239 2038 1462 2106 historiamde
1473 2037 1645 2128 Apostolo-

613 2150 687 2194 rum
707 2138 741 2193 et
755 2125 849 2192 Judae
869 2125 901 2189 in
922 2125 1048 2190 Perside
1068 2125 1391 2212 Peregrinationibus,
1427 2147 1506 2190 uam
1525 2123 1645 2192 Afris·

615 2236 676 2278 nus
691 2225 811 2291 noster,
823 2211 850 2276 si
863 2210 935 2276 Diis
949 2210 1066 2298 placet,
1082 2210 1113 2275 in
1128 2211 1276 2276 Latinam
1292 2224 1393 2276 transt
1429 2210 1493 2276 isse
1507 2209 1533 2276 li

614 2298 733 2364 dicitur
745 2299 778 2363 in
791 2298 848 2362 lib.
858 2320 887 2362 v.
900 2295 1017 2362 Abdiae
1029 2295 1171 2381 Apostol.
1187 2292 1275 2361 Hirr.
1289 2311 1362 2380 cap.
1373 2310 1424 2361 20.
1438 2319 1458 2362 a
1482 2231 1645 2362 udffi

614 2384 657 2449 cii
673 2384 747 2448 Cod.
759 2381 938 2469 Apoorypb.
951 2382 1031 2446 Νου.
1046 2384 1131 2482 fest:
1146 2380 1210 2446 vol.
1224 2381 1256 2446 ii.
1271 2403 1304 2468 p.
1316 2388 1388 2459 629.
1432 2319 1534 2486 fiisse
1555 2384 1646 2470 ipsam

615 2466 1647 2652 atta?{tramitittsszttssitttsstiiiffffliss

614 2641 723 2706 ferunt
745 2640 908 2726 scriptam,
933 2650 1046 2725 postea
1070 2661 1145 2704 vero
1169 2661 1189 2703 a
1212 2637 1371 2738 discipulo
1397 2640 1471 2726 ejus
1496 2638 1647 2724 Eutropio

616 2726 732 2791 Graece
743 2747 877 2803 versam,
885 2723 972 2790 idem
983 2725 1037 2790 ille
1049 2725 1220 2790 Africanus
1231 2723 1647 2810 Ianneinterpretatuaett,

615 2810 643 2876 si
657 2811 811 2875 Africano
825 2823 997 2896 personato
1017 2810 1132 2875 Latina
1152 2811 1265 2897 lingua
1278 2810 1429 2875 scribenti
1444 2809 1647 2879 credimusin

616 2896 817 2961 Praefatione.
862 2898 900 2958 ln
914 2917 954 2960 eo
969 2908 1095 2960 tantum
1110 2895 1262 2962 differunt
1278 2896 1349 2961 istae
1366 2895 1490 2961 fabulae
1511 2894 1646 2963 Pseudo·

615 2980 732 3045 Abdiae
758 3003 778 3045 a
802 2980 991 3045 Narratione
1017 2980 1055 3044 de
1080 2980 1119 3045 iis
1141 3004 1216 3069 quae
1240 2981 1274 3046 irr
1295 2981 1421 3046 Perside
1443 2982 1647 3070 contigerant,

611 3065 702 3153 quod
722 3065 778 3130 iila
791 3067 955 3145 Narratio,
969 3067 1048 3131 dum
1063 3065 1169 3132 adhuc
1185 3069 1302 3133 Graeco
1317 3089 1467 3154 sermone
1481 3067 1647 3133 ciruumfe·

614 3152 754 3231 rebatur,
770 3152 922 3217 Africano
937 3153 1092 3218 attributa
1104 3168 1163 3218 est.
1208 3153 1348 3219 Grabius
1360 3152 1493 3252 quidem
1506 3153 1543 3219 in
1557 3150 1647 3221 Notis

614 3238 657 3303 ad
679 3237 787 3324 Spicil.
809 3240 880 3302 ΡΡ.
898 3239 960 3303 νοΙ.
976 3239 1003 3303 Ι.
1023 3259 1058 3326 p.
1072 3253 1143 3304 314.
1165 3239 1210 3305 ait
1235 3261 1270 3303 se
1293 3240 1476 3303 existimare
1500 3238 1647 3307 nonnula

614 3324 700 3410 apud
726 3323 844 3389 Abdiae
869 3346 950 3411 opus
973 3346 1013 3389 ex
1039 3325 1184 3390 Africani
1207 3323 1461 3413 chronographia
1483 3324 1598 3391 desum
1620 3337 1648 3391 ts

614 3411 724 3476 fuisse.
769 3409 833 3474 Sed
855 3432 1004 3496 quaenam
1026 3411 1088 3475 ista
1109 3411 1183 3488 sint,
1205 3432 1312 3490 nemo,
1334 3411 1460 3496 opinor,
1482 3347 1649 3479 nobisie-

614 3497 740 3647 {iiii
751 3494 1511 3647 piterii.itti·t{.i{{‘⁰.3{t¹{¹.r¹¹.⁰‘i²“it{ti⁶
1523 3492 1649 3648 ciffi

614 3603 937 3766 idoneisgiat'ionibps
959 3605 1144 3766 isztructus.
1169 3667 1245 3733 Vid.
1266 3603 1363 3755 suipra
1378 3688 1411 3753 p.
1426 3604 1601 3735 sslis’Sed
1613 3664 1650 3733 de

616 3751 1015 3924 nu'lg'bbthaltliiisiiiridiariitelit
1029 3838 1143 3904 Moses
1158 3836 1374 3903 Chorenensis
1387 3837 1421 3902 in
1436 3837 1527 3904 Hist.
1540 3804 1649 3905 Ami·

613 3923 1343 4077 titteris&mitridati
1360 3923 1650 4075 iah‘iniffi'

615 4057 818 4158 “historiam
847 4115 881 4170 se
903 4031 1094 4159 traditurum
1118 4056 1244 4160 esse'ex
1269 4057 1382 4182 quinto
1403 4027 1492 4159 libri>
1509 4034 1651 4161 Afridani

616 4183 639 4218 “
653 4179 815 4263 scriptoris
826 4178 990 4259 Chronisi,
1001 4181 1223 4268 ouiJosephus
1234 4194 1267 4245 et
1278 4180 1480 4267 Hippolytus
1495 4184 1651 4263 (auctores

615 4268 639 4303 “
653 4263 744 4328 afl'ert
758 4264 1066 4363 pseudepigraphos)
1080 4267 1238 4353 multique
1250 4266 1305 4331 alii
1319 4288 1359 4330 ex
1371 4266 1495 4339 Graeeis
1507 4267 1652 4333 testimo·

616 4353 639 4388 “
654 4348 740 4413 nium
757 4348 845 4416 dant.
885 4351 917 4412 ls
932 4370 1018 4415 enirn
1035 4374 1235 4438 quaecunque
1251 4352 1292 4416 de
1304 4351 1421 4416 nostris
1436 4352 1571 4438 regibus
1585 4374 1651 4417 nar·

616 4441 639 4474 “
654 4446 714 4512 rat,
737 4454 775 4496 ea
795 4433 993 4520 deprompsit
1014 4437 1159 4501 universa
1180 4461 1220 4502 ex
1242 4436 1400 4502 tabulario
1422 4438 1569 4519 Edessae,
1583 4460 1652 4525 que

616 4527 639 4558 “
654 4532 703 4583 est
720 4519 827 4594 Urha;
843 4518 936 4606 cujus
950 4521 1081 4607 quidem
1095 4523 1244 4587 tabularii
1255 4523 1328 4588 libri
1339 4522 1380 4587 de
1390 4523 1540 4587 fanorum
1553 4524 1651 4589 histo·

617 4611 639 4645 “
654 4606 708 4669 riis
721 4627 739 4669 e
752 4602 860 4670 Nisibi
869 4617 901 4669 et
911 4605 1030 4693 Sinope
1044 4609 1175 4676 Pontica
1186 4610 1276 4673 fuere
1287 4630 1327 4672 eo
1339 4607 1497 4673 advecti.’'
1520 4610 1604 4675 Haec
1613 4604 1652 4672 ad

615 4689 806 4759 Versionem
815 4690 1075 4759 Whistoniauam
1087 4694 1200 4761 Moses
1211 4693 1651 4784 Choreneusis,doquouoa·
