4092 5675
497 778 671 846 ANNOT.
686 779 738 845 IN
751 778 896 846 ANON.
911 777 1048 845 AUCT.
1063 778 1197 846 CONT.
1212 779 1406 846 CATAPH.
1429 781 1469 868 85

439 947 526 1015 dicit.
564 943 749 1037 Apollonius
764 950 811 1015 vir
824 950 1042 1016 disertissimus
1060 951 1182 1037 scripsit
1200 951 1358 1016 aduersum
1371 954 1468 1016 Mon-

438 1046 560 1115 tanum,
576 1035 754 1102 Priscillam
768 1048 798 1100 et
813 1033 1032 1101 Maximillam
1047 1037 1167 1124 insigne
1184 1048 1213 1101 et
1234 1037 1360 1125 longum
1382 1036 1469 1102 uoln-

434 1143 519 1201 mcn,
533 1121 566 1185 in
581 1145 639 1210 quo
654 1124 765 1186 asserit
777 1123 965 1186 Montanum
980 1134 1011 1187 et
1026 1123 1149 1187 insanas
1165 1134 1248 1186 uates
1257 1124 1385 1207 periisse
1399 1146 1466 1188 sus—

433 1207 558 1292 pendio.
604 1209 642 1271 ln
661 1206 810 1271 Miltiade
825 1230 898 1272 vero
912 1209 957 1271 sic
972 1209 1037 1273 ait:
1060 1208 1227 1272 Miltiades
1242 1211 1326 1294 cujus
1341 1209 1467 1274 thodon

436 1291 472 1356 in
493 1307 582 1378 opere
602 1292 684 1381 qnod
704 1293 848 1358 adversm
869 1296 1068 1374 Montanum,
1088 1293 1276 1370 Priscillam,
1299 1296 1468 1359 Maximil-

435 1376 502 1442 lam
525 1400 564 1442 ue
577 1379 754 1464 composuit,
769 1379 958 1459 recordatur,
976 1381 1035 1443 &a
1080 1380 1143 1443 Sed
1159 1381 1329 1465 utrobique
1343 1403 1467 1446 memo-

434 1463 485 1527 ria
504 1400 625 1528 labitur
646 1465 876 1551 Hieronymus,
889 1465 966 1528 dum
989 1465 1163 1551 Apollonio
1184 1480 1217 1529 et
1240 1465 1387 1529 Rhodani
1409 1468 1467 1531 tri-

435 1547 518 1629 buit,
541 1571 617 1636 quae
640 1549 726 1614 dicta
748 1563 863 1613 sunta
889 1552 1043 1637 scriptore
1065 1550 1274 1628 innominata,
1297 1551 1388 1637 cujus
1413 1552 1466 1617 bic

434 1635 617 1720 fragmenta
631 1636 727 1699 refert
739 1636 908 1700 Eusebius.
953 1638 1051 1700 Hunc
1066 1657 1162 1721 porro
1177 1658 1241 1699 non
1256 1657 1324 1699 esse
1337 1638 1465 1722 Apolli-

435 1739 545 1783 narem
560 1721 850 1805 Hierapolitanum,
865 1742 956 1784 exeo
971 1736 1070 1807 patet,
1085 1720 1172 1806 quod
1185 1722 1379 1808 Apollinaris
1393 1725 1465 1809 qui-

434 1805 512 1870 dem
531 1805 680 1870 adversus
697 1806 975 1894 cataphrygarum
994 1808 1138 1870 haeresim
1158 1806 1263 1872 adhuc
1283 1824 1466 1873 nascentem

432 1890 535 1955 libros
557 1891 692 1977 scripsit,
714 1905 750 1955 ut
771 1906 906 1956 testatur
928 1893 1083 1956 Eusebius
1105 1892 1138 1955 in
1161 1892 1221 1956 fine
1242 1894 1299 1957 lib.
1316 1895 1355 1957 iv.
1400 1896 1465 1959 Hic

432 1989 542 2041 autem
570 1977 701 2075 ignotus
727 1992 848 2056 auctor,
875 1991 950 2063 post
976 1979 1124 2042 Montani
1151 1992 1184 2042 et
1211 1980 1398 2043 blaximillae
1427 2002 1465 2044 ac

432 2061 595 2130 Theodoti
619 2075 756 2126 mortem
777 2063 875 2126 libros
898 2085 973 2127 suos
994 2064 1141 2141 exaravit,
1160 2077 1196 2128 ut
1217 2086 1257 2128 ex
1278 2067 1465 2151 fragmentis

431 2147 546 2234 liquet.
592 2147 686 2212 Plura
706 2148 775 2212 vide
795 2148 881 2234 apud
903 2148 1101 2212 Halloixium
1124 2149 1156 2212 in
1178 2151 1408 2214 Notationibus
1423 2151 1466 2215 ad

432 2232 529 2297 vitam
556 2234 591 2296 S.
615 2233 644 2296 A
670 2232 809 2297 ollinaris
833 2255 901 2318 cap.
922 2249 952 2298 3.
991 2235 1057 2322 Qui
1080 2250 1188 2297 tamen
1211 2236 1244 2299 in
1270 2258 1310 2299 eo
1335 2236 1464 2316 fallitur,

433 2318 522 2406 quod
544 2318 626 2382 dicit
647 2254 763 2383 librum
789 2319 945 2383 Miltiadis
969 2320 1009 2383 ab
1033 2320 1093 2382 hoc
1120 2320 1273 2404 scriptore
1299 2321 1464 2385 redactum

432 2404 549 2469 esseio
564 2403 803 2490 compendium.
845 2406 952 2492 Quem
967 2404 1096 2490 quidem
1112 2427 1250 2469 errorem
1271 2406 1397 2469 abunde
1414 2429 1464 2471 re·
1502 2457 1505 2462 .

431 2488 575 2554 fellimus
603 2489 636 2552 in
663 2489 765 2575 capite
794 2491 949 2575 sequenti.
986 2492 1187 2554 Vetusius.
1242 2491 1327 2555 Cum
1356 2492 1465 2556 codicis

433 2573 599 2640 Fitletiani
618 2574 756 2639 lectione
774 2577 932 2639 consentit
947 2575 1134 2639 Bodleianns
1150 2588 1256 2640 noster
1271 2578 1333 2640 sive
1348 2578 1465 2641 Sauili-

432 2681 522 2740 anus,
534 2675 570 2724 et
589 2674 721 2745 propter
738 2661 839 2747 ipsam
857 2660 944 2724 illam
959 2662 991 2724 in
1008 2661 1098 2724 libris
1115 2662 1272 2725 nonnullis
1288 2663 1408 2726 voculae
1422 2665 1464 2740 τὶς

430 2746 651 2824 omissionem,
672 2745 713 2809 ad
731 2746 948 2831 Apollinarem
967 2748 1125 2833 pertinere
1145 2749 1276 2834 egregia
1295 2749 1363 2811 baec
1379 2751 1465 2837 frag-

431 2846 541 2898 menta
567 2832 786 2896 censebantur.
829 2832 918 2920 Quid
942 2832 973 2896 in
996 2832 1107 2897 codice
1132 2834 1233 2899 altero
1257 2833 1464 2920 Norfolciansi

431 2919 601 2994 scribatur,
616 2939 689 2980 cum
706 2917 785 2981 mihi
799 2933 915 3002 praesto
932 2940 995 2982 non
1011 2919 1062 2997 sit,
1078 2919 1162 2984 haud
1178 2935 1265 2984 certo
1280 2924 1356 2984 scio.
1393 2925 1464 2987 Ne-

424 3026 495 3105 que
506 3024 580 3068 vera
590 3003 719 3067 Valesio
729 3003 761 3067 id
770 3003 1023 3084 concedendum,
1031 3006 1265 3092 Hieronymum
1276 3007 1371 3070 videri
1382 3008 1463 3072 adeo

430 3091 493 3154 sibi
514 3091 748 3154 inconstantem
770 3089 877 3165 fuisse,
895 3105 944 3167 ut,
966 3111 1040 3153 cum
1060 3090 1091 3154 in
1112 3092 1215 3177 capite
1230 3106 1279 3169 39.
1301 3115 1381 3178 opus
1401 3094 1463 3158 hoc

431 3175 582 3241 Rhodani
597 3174 770 3252 tribuisset,
786 3174 817 3237 in
833 3174 972 3260 eoquod
992 3176 1099 3239 statim
1119 3190 1193 3261 post
1208 3178 1361 3262 sequitur,
1375 3179 1463 3243 idem

430 3263 472 3326 ab
492 3260 670 3347 Apollonio
691 3260 906 3345 compositum
929 3261 1026 3324 fuisse
1046 3261 1199 3325 scriberet
1209 3285 1219 3340 3
1242 3264 1391 3346 quoniam
1409 3264 1465 3327 illa

429 3346 472 3411 de
482 3344 650 3433 Apollonii
663 3345 811 3409 adversus
827 3347 1018 3409 Montanum
1034 3347 1194 3410 volumine
1206 3347 1246 3408 ab
1259 3347 1463 3435 Hieronymo

428 3432 528 3511 dicta,
543 3453 608 3496 non
623 3452 663 3494 ex
678 3431 806 3494 Eusebii
824 3430 965 3509 historia,
981 3431 1048 3509 sed,
1064 3445 1101 3495 ut
1119 3447 1193 3494 ante
1213 3431 1385 3495 indicatum
1402 3448 1462 3513 est,

428 3539 469 3582 ex
490 3518 562 3603 ipso
582 3517 750 3602 Apollonii
771 3516 863 3595 libro,
882 3517 922 3580 ab
944 3539 983 3579 eo
1006 3518 1120 3581 hausta
1141 3517 1295 3580 videntur.
1340 3518 1463 3583 Contra

428 3624 505 3667 vero
518 3602 596 3681 vult,
610 3603 722 3680 fateor,
739 3602 923 3666 pearsonius
939 3624 1067 3688 quoquc
1086 3604 1119 3667 V
1116 3604 1206 3666 indic.
1220 3605 1323 3690 ignat.
1338 3620 1419 3689 part.
1433 3607 1461 3668 I.

428 3709 500 3774 cap.
509 3690 551 3752 vi.
564 3708 599 3772 p.
611 3701 659 3750 88.
676 3709 695 3750 a
709 3710 742 3750 se
758 3688 828 3773 ipso
842 3687 1009 3751 dissedisse
1024 3689 1272 3776 Hieronymum.
1312 3689 1376 3753 Sed
1393 3713 1462 3754 me-

427 3796 504 3839 cum
526 3794 612 3836 nunc
626 3771 717 3837 video
741 3774 800 3836 hac
820 3771 860 3835 de
883 3794 917 3836 re
936 3774 1187 3836 consentientem
1210 3775 1250 3837 cl.
1268 3776 1404 3837 Keilium
1427 3776 1461 3839 in

426 3859 527 3925 Notis
550 3857 591 3921 ad
613 3879 765 3943 nuperam
787 3857 863 3921 edit.
886 3857 1080 3921 Fabricianoe-
1094 3857 1242 3921 Bibliotlr.
1262 3860 1318 3921 Gr.
1334 3860 1396 3923 vol.
1408 3861 1461 3924 vii.

425 3966 461 4031 p.
477 3950 545 4008 161.
562 3943 618 4029 qui
631 3944 686 4022 ait,
701 3944 810 4007 multis
831 3945 930 4006 visum
951 3943 1060 4022 l'uisse,
1076 3945 1309 4030 Hieronymum
1326 3947 1462 4033 Anony-

426 4030 473 4094 mi
498 4051 582 4115 0pus
608 4042 719 4092 contra
744 4030 959 4093 Montanistas
982 4029 1158 4114 Apollonio
1184 4030 1377 4110 attribuisse,
1403 4030 1460 4096 sed

425 4115 605 4180 admodum
621 4114 724 4179 fallaci
740 4115 921 4199 suspicione
935 4114 1083 4178 inductis.
1130 4117 1254 4178 Interea
1269 4116 1458 4181 Gallandius

426 4214 568 4279 secutus,
594 4212 632 4262 ut
656 4200 711 4277 ait,
733 4200 909 4279 Valesium,
932 4200 1184 4277 Tillemontium,
1206 4202 1458 4287 Languaraeum·

426 4308 501 4373 que,
515 4286 588 4349 baec
608 4285 788 4371 fragmenta
806 4299 957 4372 tanquam
977 4287 1003 4349 si
1017 4285 1135 4349 Asterii
1158 4286 1274 4350 Urbani
1291 4290 1409 4352 fuerint
1425 4289 1459 4352 in

425 4386 519 4435 tomo
535 4372 579 4435 iii.
598 4392 666 4433 suae
686 4369 888 4434 Bibliotloecae
905 4374 1037 4435 Patmim
1058 4394 1121 4434 una
1141 4394 1214 4434 cum
1234 4373 1351 4437 Valesii
1375 4374 1458 4436 notis

424 4456 536 4521 edidit.
581 4455 647 4519 Sed
665 4456 724 4520 bac
745 4455 785 4518 de
807 4478 839 4519 re
858 4457 955 4542 paulo
969 4456 1051 4520 infra
1066 4457 1105 4520 ad
1122 4479 1196 4544 pag.
1211 4470 1259 4535 79.
1305 4457 1458 4521 Ceterum

425 4541 638 4628 scriptoribus
660 4542 715 4628 qui
730 4540 925 4624 Apollinario
945 4563 1027 4626 opus
1048 4542 1134 4605 istud
1156 4544 1380 4620 attribuerunt,
1399 4541 1456 4606 ad·

425 4627 594 4712 ponendus
608 4640 668 4704 est,
683 4640 719 4690 ut
733 4642 823 4711 puto,
836 4631 962 4691 Auctor
976 4626 1092 4691 Lttettt
1109 4627 1253 4712 Spnodici
1268 4650 1286 4690 a
1303 4627 1411 4712 Pappa
1425 4641 1458 4691 et
1509 4650 1511 4654 ·

423 4712 564 4777 Justello
584 4713 725 4797 primum
744 4710 833 4792 editi,
849 4712 935 4799 quod
958 4733 1053 4798 supra
1072 4712 1200 4800 quidem
1223 4712 1262 4775 ad
1284 4713 1317 4776 S.
1336 4716 1457 4781 Aeone

918 4812 970 4861 03
