4092 5675
521 815 585 878 422
859 792 1217 862 ANNOTATIONES

526 988 590 1053 que
603 965 713 1032 statuit
723 987 839 1044 canon,
849 966 904 1055 qui
918 967 1084 1032 vicesimus
1095 989 1198 1030 nonus
1209 966 1241 1030 in
1255 966 1345 1031 Νονα
1357 965 1495 1033 Versirna
1505 975 1545 1032 st.

526 1053 729 1116 Arabicarum
757 1053 914 1115 Curionum
942 1052 1071 1116 Consilii
1097 1051 1220 1116 Nicoerri
1245 1068 1446 1131 numeratur,
1471 1054 1546 1138 apud

530 1137 669 1202 Concilio
688 1160 727 1201 ex
744 1137 821 1201 edit.
836 1138 947 1201 Labbe
961 1152 993 1201 et
1010 1139 1153 1202 Cossart.
1168 1152 1247 1202 tom.
1261 1138 1294 1201 ii.
1315 1159 1393 1224 pag.
1404 1152 1474 1202 325.
1512 1140 1547 1202 u

526 1245 711 1370 puanquam
728 1223 903 1287 Matthaeus
917 1223 1075 1287 Blastares
1088 1223 1120 1286 in
1138 1223 1345 1309 Syntogmute
1359 1246 1422 1287 suo
1436 1220 1546 1307 Alpiu-

548 1308 623 1372 etico
639 1310 702 1373 Lit.
715 1307 752 1371 α’.
765 1331 835 1394 cap.
851 1315 897 1371 16.
914 1309 1008 1372 verba
1018 1314 1057 1372 rot
1067 1309 1150 1394 ἅγια,
1163 1308 1240 1372 dum
1254 1310 1450 1395 Dionysium
1462 1329 1548 1393 expo-

528 1394 587 1471 nit,
603 1389 690 1458 h'aud
712 1407 855 1480 repetere
877 1393 1011 1472 videtur,
1034 1394 1178 1457 nonnulli
1200 1408 1307 1457 tamen
1325 1415 1365 1457 ex
1384 1393 1548 1468 codicibus,

528 1480 647 1628 puibus
668 1502 744 1545 usus
764 1502 848 1557 sum,
862 1478 959 1565 longe
976 1481 1164 1543 vetustiores
1186 1479 1330 1542 Blastare
1352 1492 1440 1557 sunt,
1455 1477 1549 1542 seculi

553 1565 646 1628 ecimi
669 1566 773 1652 quarti
799 1565 972 1628 canonista.
1016 1566 1089 1649 Ipse
1112 1585 1240 1651 quoque
1263 1564 1326 1628 hoc
1346 1564 1435 1628 idem
1458 1564 1549 1639 refert,

529 1650 680 1714 mulieres
701 1650 746 1714 sic
766 1650 918 1713 habentes
938 1672 1002 1713 non
1016 1650 1122 1714 solum
1138 1650 1178 1713 ab
1194 1648 1295 1728 altari,
1310 1670 1421 1713 verum
1436 1648 1551 1712 etiamr

530 1736 654 1821 templo
675 1748 708 1798 et
728 1736 841 1820 templi
860 1735 997 1820 porticu,
1013 1735 1175 1819 prohiberi
1191 1734 1311 1798 solitas.
1355 1734 1477 1798 Lenius
1489 1753 1551 1798 vero

531 1843 608 1884 cum
629 1820 667 1883 iis
687 1820 755 1905 agit
776 1819 964 1884 Timotheus
980 1820 1150 1906 episeopus
1165 1820 1257 1883 Alex.
1273 1820 1307 1883 in
1321 1818 1487 1903 Responsis
1499 1818 1552 1881 suis

535 1904 706 1983 cononicis,
728 1906 783 1991 qui
805 1928 823 1969 a
845 1904 961 1968 sanctis
983 1917 1109 1969 tantum
1130 1905 1289 1991 mysteriis
1312 1904 1446 1968 easdem
1469 1916 1553 1967 arcet.

531 1991 690 2076 Respons.
702 1991 753 2053 vii.
768 2013 799 2076 p.
815 1997 882 2054 166.
901 1990 1056 2076 Synodici.
1092 1992 1164 2054 lmo
1179 1990 1323 2054 omniurn
1338 2011 1447 2054 rerum
1463 2008 1553 2053 saera·

531 2098 605 2140 rum
619 2075 752 2140 liberam
790 2076 1042 2161 articipationem
1064 2076 1102 2140 iis
1120 2097 1303 2139 concessam
1317 2074 1426 2140 videas
1441 2075 1474 2137 in
1489 2074 1555 2137 Coa·
1598 2067 1600 2130 1

533 2160 628 2225 stitit.
641 2098 789 2246 Apostoi.)
805 2162 861 2226 lib.
875 2162 915 2224 vi.
931 2183 1023 2247 capp.
1036 2177 1086 2237 27.
1102 2174 1135 2224 ct
1148 2174 1198 2225 28.
1220 2183 1253 2246 p.
1267 2174 1336 2224 358.
1359 2160 1413 2224 ed.
1438 2157 1555 2235 Clerici,

532 2246 591 2311 ubi
605 2261 718 2311 auctor
730 2247 912 2311 istiusmodi
925 2247 1157 2311 observationes
1172 2246 1257 2329 ἔθιμα
1268 2248 1399 2310 'letaturi
1412 2244 1556 2331 appellare

533 2332 579 2396 nil
592 2346 727 2396 veretur.
771 2334 888 2420 Neque
903 2332 994 2396 aliter
1007 2332 1048 2396 de
1067 2332 1106 2397 iis
1126 2332 1259 2396 sensisse
1274 2330 1455 2395 Cardinalis
1469 2331 1556 2394 Baro-

535 2418 608 2481 nius
630 2417 754 2482 videtur
772 2417 805 2481 in
826 2419 911 2496 loco,
928 2439 1023 2504 quem
1039 2417 1080 2481 ad
1095 2439 1199 2503 marg.
1217 2416 1424 2481 Conciliorum
1439 2434 1557 2480 suorum

535 2503 715 2590 designavit
728 2502 926 2582 Harduinus,
939 2502 1058 2567 Amrol.
1074 2504 1115 2568 ad
1131 2526 1204 2566 ann.
1216 2509 1286 2567 266.
1301 2524 1393 2566 num.
1404 2502 1448 2565 xi.
1469 2498 1558 2565 Deni-

535 2611 600 2688 que
613 2588 744 2653 arbitrio
757 2590 897 2675 ipsarum
912 2588 1103 2653 feminarum
1125 2588 1195 2651 haee
1218 2588 1376 2674 permittit
1390 2588 1425 2651 S.
1440 2587 1557 2670 Grego-

535 2697 603 2739 rrus
618 2675 669 2737 M.
682 2673 716 2738 in
727 2673 887 2760 Responris
901 2674 942 2736 od
956 2674 1168 2759 Augustinum
1181 2673 1365 2759 Anglorum
1387 2670 1559 2759 apostolum

536 2758 624 2846 apud
638 2758 773 2838 Bedam,
789 2759 877 2824 Hist.
894 2759 982 2823 Eccl.
999 2760 1056 2823 lib.
1071 2762 1099 2822 1.
1114 2781 1185 2845 cap.
1200 2772 1250 2833 27.

581 2847 615 2908 P.
626 2859 695 2922 393.
709 2846 733 2909 1.
749 2862 775 2908 1.
798 2852 822 2908 oi
842 2847 1048 2932 γεγαμηκότες]
1074 2847 1149 2909 Hoc
1170 2867 1229 2930 pro
1249 2845 1440 2932 γεγηρακότες
1460 2840 1561 2926 recepi,

537 2930 579 2993 ad
601 2951 698 3016 quam
717 2951 828 2993 vocem
844 2932 889 2994 ita
907 2931 1117 3009 Harduinus3
1140 2937 1162 2969 “
1173 2930 1346 2994 Balsamon
1360 2931 1407 2994 ita
1421 2928 1516 3016 legit:
1535 2938 1562 2990 at

537 3023 560 3053 “
576 3015 728 3093 Zonaras,
740 3037 836 3100 quern
848 3017 990 3101 sequitur
1003 3018 1123 3080 Fronto
1137 3017 1290 3093 Ducaeus,
1299 3016 1507 3100 γεγαμηκότες,
1517 3009 1562 3098 qui

537 3108 561 3140 “
577 3099 884 3183 matrimoniojoncti
898 3102 1003 3165 strnt.'’
1036 3101 1235 3166 Confirmant
1251 3102 1388 3165 Zonarae
1404 3101 1562 3165 lectionem

539 3197 655 3272 septem
670 3211 686 3250 e
700 3185 878 3250 Bodlaionis
892 3185 1053 3266 codicibus
1068 3199 1101 3251 et
1120 3209 1192 3272 quae
1213 3186 1330 3250 dicitur
1344 3186 1493 3263 Aristini,
1505 3183 1562 3247 illa·

540 3294 604 3360 que
615 3273 744 3337 Arsenii
757 3273 925 3351 Monachi,
937 3274 1094 3336 Cononem
1108 3271 1264 3358 Synopsis.
1294 3274 1368 3335 Irno
1383 3272 1452 3356 ipse
1464 3269 1563 3335 Balsa·

498 3409 502 3415 .
540 3382 608 3438 me,
625 3359 681 3445 qui
695 3358 824 3422 alteram
838 3358 1026 3444 scripturam
1041 3358 1228 3444 γεγηρακότες
1243 3358 1371 3435 invenit,
1387 3352 1564 3437 haecaitmi

543 3451 556 3508 ὁ
568 3446 617 3526 μὲν
630 3442 717 3508 κανὼν
728 3445 787 3529 περὶ
799 3443 996 3531 γεγηρακότων
1009 3442 1100 3524 φησίν·
1121 3442 1267 3520 {farurim
1279 3443 1306 3504 δὲ
1319 3447 1359 3504 ταὶ
1374 3445 1402 3504 ἓν
1417 3441 1524 3526 αὐτῷ-νζ,
1536 3443 1566 3510 εἰς

541 3531 647 3602 πάντας
662 3527 711 3601 ris
727 3530 874 3612 ὀμοζόγτς.
908 3528 970 3590 Sed
986 3529 1026 3592 de
1043 3528 1123 3592 solis·
1134 3527 1353 3592 sacerdotibus
1368 3526 1422 3592 hic
1437 3527 1501 3612 agi,
1511 3544 1565 3619 nou

542 3616 584 3680 de
606 3616 676 3679 aliis
697 3614 810 3677 itidem
833 3613 1038 3699 conjugibus,
1060 3634 1238 3698 perperam,
1261 3613 1387 3700 opinor,
1411 3611 1529 3688 statuit,
1545 3629 1588 3670 sr-

542 3702 644 3767 modo
658 3700 691 3764 id
705 3699 791 3776 velit,
804 3699 962 3762 Blastares
977 3699 1010 3761 in
1024 3700 1231 3785 Syntugrnote
1243 3697 1448 3783 Alpdobetico
1460 3696 1522 3760 Lit.
1532 3691 1565 3779 γ’.

545 3809 616 3872 cap.
632 3799 678 3849 18.
693 3787 731 3847 Ὁ
742 3786 768 3847 δὲ
780 3782 821 3866 γ’,
835 3784 949 3868 inquit,
961 3790 997 3846 rei
1012 3784 1200 3871 ispopoipropoq
1209 3782 1340 3847 Arsinois
1354 3779 1565 3869 Ἀλεξανδρείας,

545 3879 684 3958 ἀρκὲντας
708 3868 814 3952 ἐφόςησι
838 3869 931 3951 σφίσιν
954 3871 1128 3944 αὐτοῖςτοὺς
1150 3869 1304 3955 ἱερωμένους
1328 3858 1480 3946 ὃναντητᾶξ,
1500 3868 1565 3944 ἦνικν

545 3962 602 4032 τοῖς
617 3959 738 4044 φςνκτοῖς
750 3952 894 4040 σρνσνέννη
908 3954 1044 4035 μέλλουσι
1058 3953 1208 4038 μνςηρόονς,
1219 3955 1369 4038 ἇτὰεῶαη
1381 3955 1433 4036 μὲν
1445 3960 1498 4016 τῶν
1510 3949 1567 4014 itur

546 4050 696 4128 γυναικῶν,
710 4043 775 4104 ἀλλ’
791 4044 822 4103 ἐκ
837 4045 922 4116 κοινῆς
935 4039 1102 4123 συμφωνίας,
1118 4042 1194 4103 κατὰ
1209 4044 1257 4116 τὴν
1270 4043 1306 4102 ri
1320 4040 1452 4124 μεγάλου
1464 4035 1567 4100 siurim

548 4132 644 4208 φωνὴν,
662 4125 702 4188 ότι
725 4132 738 4188 ό
759 4129 824 4211 ἀνὴρ
843 4133 891 4187 τοῦ
916 4124 980 4188 idioti
1001 4125 1131 4207 σώματος
1147 4129 1197 4187 οὐκ
1216 4124 1366 4205 ἔξεο-τόξα,
1384 4123 1433 4187 zai
1454 4127 1491 4187 roi
1503 4122 1566 4196 έξῗό·

549 4233 582 4296 p.
598 4225 646 4274 82.
663 4209 818 4295 Synodicr'.
851 4211 951 4273 Recte
964 4211 1187 4296 interpretatus
1201 4224 1251 4273 est
1265 4211 1300 4272 S.
1315 4211 1531 4294 Hieronymus
1542 4203 1567 4298 iu

549 4294 645 4380 Apol.
657 4309 713 4378 pro
729 4293 834 4356 Libris
848 4295 991 4358 aduersus
1005 4295 1162 4358 Joviuion.
1178 4317 1210 4380 p.
1226 4309 1292 4358 108.
1307 4294 1360 4358 ed.
1377 4295 1510 4357 Froben.
1524 4288 1568 4352 ubl

548 4383 648 4467 hujus
667 4378 858 4464 Dionysiaui
881 4381 1012 4443 canonis
1029 4381 1176 4464 exemplo
1198 4381 1295 4444 allato
1317 4379 1470 4454 ostendit,
1489 4372 1569 4439 mari·

550 4468 615 4531 tale
637 4465 777 4527 officium
799 4486 916 4549 corpus
936 4466 1071 4529 Domini
1093 4465 1237 4550 accipere
1258 4487 1323 4528 non
1345 4464 1525 4550 permittere
1542 4456 1569 4520 fi·

552 4552 616 4615 deli
631 4549 779 4633 cuiquam
799 4570 856 4633 per
878 4550 972 4613 breve
993 4566 1132 4635 tempus.
1171 4551 1315 4614 Severius
1331 4551 1417 4613 enim
1438 4548 1491 4613 ille
1508 4561 1569 4608 cum

552 4637 639 4699 clero
652 4636 730 4719 egit,
745 4647 783 4698 ut
797 4647 896 4717 patet,
911 4657 985 4699 cum
1001 4658 1040 4698 ex
1054 4635 1189 4721 epistola
1202 4636 1272 4721 ejus
1283 4634 1326 4700 ud
1340 4630 1571 4702 Pammachius,

553 4722 614 4787 sub
629 4719 735 4799 tinem,
750 4734 820 4785 tum
840 4740 913 4786 vero
932 4741 972 4785 ex
991 4719 1075 4787 libro
1093 4720 1200 4808 primo
1218 4720 1363 4791 adversus
1376 4717 1572 4788 Joviniunurr,
