4092 5675
445 2759 448 2764 '
582 2743 695 2809 toriono
715 2745 877 2822 Sosunnoe,
893 2765 966 2830 quoe
986 2743 1020 2807 iro
1034 2743 1139 2808 Donie
1153 2766 1178 2808 rs
1194 2743 1269 2808 libro
1290 2744 1596 2832 legistin-spumeos

674 1119 677 1125 Ι
790 973 1396 1074 Auuonnu1ouss

618 1210 681 1292 IN
701 1141 848 1291 'JULH
877 1207 1140 1291 AFRICANI
1166 1207 1246 1288 AD
1275 1201 1572 1288 ORIGENEM

929 1353 1251 1446 EPISTOLAM.

957 1613 1225 1649 ...μ-..Φ-ω

981 1790 1210 1855 MONITUM

580 1917 636 1981 Ex
661 1915 767 1986 Caroli
788 1913 926 1979 Deburoe
952 1914 1104 1979 Monocbi
1126 1914 1322 1979 Benedictiroi
1341 1905 1588 1978 Admonitionsb

622 1999 800 2087 Epistoium
814 1999 963 2087 Africani
980 2001 1018 2065 de
1040 2002 1192 2065 Sosonnoe
1212 1999 1356 2063 Historia
1377 1998 1420 2062 od
1439 1997 1590 2086 Origm,

623 2096 717 2173 atque
731 2086 764 2151 iro
780 2085 923 2173 origenis
938 2086 980 2150 od
994 2085 1181 2172 Africanum
1197 2084 1395 2170 Responsum.

623 2235 724 2300 Hisce
745 2234 870 2300 duabus
893 2234 1128 2320 scriptiunculis
1143 2233 1222 2297 nihil
1236 2234 1302 2298 fere
1316 2245 1365 2298 est
1380 2232 1467 2318 apud
1480 2233 1596 2296 Vener

579 2320 781 2386 celebratius.
806 2320 964 2385 Eusebius
978 2321 1035 2384 lib.
1048 2320 1088 2385 vi.
1106 2319 1192 2383 Hist.
1209 2320 1296 2382 Eccl.
1312 2341 1384 2405 cap.
1398 2333 1449 2382 31.
1465 2315 1529 2382 ait:
1547 2315 1596 2376 ln·

579 2410 648 2483 ςολὴ
668 2407 764 2470 τούτου
784 2406 973 2491 (Αφρικανοῢ)
989 2403 1133 2492 ,Ὠςιγένει
1153 2408 1296 2491 γραφεῖσα
1315 2402 1434 2489 φέρεται,
1455 2405 1596 2488 ἀπορῶσι

579 2494 616 2565 ὥς
630 2489 663 2554 olo
677 2492 744 2555 νόθα
760 2489 806 2569 κα)
818 2488 1019 2571 πεπλασμένης
1035 2488 1113 2567 οὔσης
1125 2494 1172 2565 τῆς
1187 2494 1214 2553 ἐν
1228 2495 1268 2575 τῷ
1283 2493 1391 2567 Δανιὴλ
1406 2490 1483 2551 κατὰ
1495 2481 1596 2552 Σωσία·

580 2600 628 2640 ναν
655 2575 765 2660 ἶςορῖας·
789 2577 861 2661 πρὸς
884 2574 914 2651 ἣν
935 2573 1079 2662 Ὠριγένης
1104 2574 1265 2659 ἀντιγράφει
1290 2565 1473 2662 vonginsi.
1510 2570 1546 2634 H
1565 2569 1573 2585 ⁰

582 2659 752 2742 (Africani)
772 2670 876 2723 exstat
890 2659 1019 2743 epistola
1033 2660 1075 2722 od
1091 2658 1255 2807 origenem
1267 2659 1395 2744 scripto,
1410 2658 1444 2721 iro
1466 2677 1529 2756 quo
1542 2735 1551 2742 ..
1570 2652 1596 2702 '·

581 2827 822 2894 commentitium
842 2851 905 2893 esse
927 2827 1111 2914 suspicatur.
1148 2830 1203 2895 Ao
1216 2853 1311 2918 quom
1324 2827 1488 2915 epistolum
1505 2824 1596 2915 Origo

581 2937 634 2979 nes
657 2913 859 2999 copiosissime
880 2914 1045 3000 respondit.
1091 2915 1223 2980 Rufinus
1246 2917 1278 2979 in
1300 2939 1359 2980 sua
1380 2914 1525 2979 versione
1545 2912 1596 2977 he

581 3021 640 3087 pro
657 3022 746 3064 more
762 3022 820 3064 suo
836 2999 881 3064 sic
895 3001 1085 3086 παραφράξε.
1132 3003 1195 3064 Per
1210 3000 1291 3065 idern
1306 3011 1425 3085 tempus
1438 3008 1508 3063 erat
1522 2996 1596 3063 erio

581 3085 765 3172 Africanus,
786 3085 835 3150 cir
860 3085 893 3148 in
917 3084 1087 3170 Scriptrrris
1113 3085 1323 3150 ecciesiasticis
1348 3080 1471 3148 nobilis.
1512 3082 1596 3170 Hsjn

581 3170 829 3258 epistolofertur
842 3171 884 3234 od
896 3169 952 3234 Ori
976 3193 1062 3234 errem
1074 3170 1201 3256 scripto,
1216 3170 1385 3256 objicientis
1399 3169 1428 3233 ei
1442 3166 1494 3232 vel
1505 3182 1596 3253 propo

582 3256 694 3336 nentis,
730 3257 791 3320 nod
805 3255 933 3321 bistoriu
949 3193 1111 3334 bosonnoe,
1126 3277 1200 3342 qnae
1221 3255 1255 3319 in
1276 3253 1411 3319 Daniele
1429 3252 1547 3339 scripta
1560 3272 1596 3317 es

571 3342 657 3430 ficto
671 3279 813 3406 uiolentur
828 3353 857 3406 et
873 3341 978 3405 abieno
992 3363 1011 3404 o
1026 3341 1181 3426 scripturo
1192 3340 1381 3438 prophetico.
1429 3338 1491 3403 Cui
1508 3336 1596 3425 Origo

582 3450 637 3511 nes
651 3426 953 3514 magnificentissime
966 3426 1141 3504 rescribens,
1157 3436 1266 3490 osserrt
1280 3422 1596 3511 nequaqnamJudoet

581 3534 655 3576 rum
669 3511 845 3575 commentis
867 3522 898 3575 et
908 3510 1082 3596 frondibus
1101 3509 1339 3575 auscultandum
1348 3536 1361 3589 ‚-
1383 3508 1437 3573 sed
1449 3507 1506 3572 boc
1519 3504 1596 3573 solur

584 3613 638 3683 pro
655 3620 721 3660 vero
737 3595 907 3658 babendum
926 3595 959 3659 in
980 3596 1141 3680 scriptoris
1156 3595 1280 3674 divinis,
1295 3594 1379 3681 qood
1397 3593 1503 3658 LXX
1519 3594 1596 3658 Inter

582 3691 685 3768 protes
706 3678 960 3744 transtulissent:
983 3702 1057 3744 nom
1073 3680 1108 3744 id
1128 3703 1190 3746 esse
1209 3680 1319 3759 solum,
1335 3679 1418 3766 quod
1435 3678 1596 3743 auctoritot

586 3764 766 3853 Apostolico
776 3764 989 3850 confirmatum
1001 3765 1053 3829 sit.
1083 3767 1151 3830 Ubi
1164 3766 1269 3831 obiter
1279 3778 1369 3830 notes
1379 3763 1596 3853 Hieronymus

587 3875 653 3918 non
667 3851 796 3937 oblique
812 3849 982 3999 feretringi
997 3851 1054 3937 qui
1075 3851 1262 3916 Praefutione
1277 3850 1308 3915 in
1323 3850 1494 3915 Danielem
1510 3868 1551 3915 ex
1561 3848 1596 3913 Jt

587 3938 650 4003 daei
686 3958 799 4000 ersona
826 3957 959 4021 oquens,
973 3937 1127 4000 Susannae
1147 3937 1313 4001 historiam
1330 3946 1551 4000 commentum
1565 3952 1596 3997 se

577 3959 730 4108 sobroiorn
752 4034 890 4085 vocarat.
938 4022 1079 4086 Eusebio
1104 4021 1268 4087 addendus
1293 4035 1343 4084 est
1366 4043 1444 4085 mox
1493 4018 1596 4083 raefett·

589 4107 811 4194 Hieronymus
831 4106 887 4191 qui
906 4106 988 4171 libro
1012 4107 1052 4172 dc
1073 4108 1141 4171 Scri
1165 4120 1227 4171 tor.
1242 4106 1365 4172 Eccles.
1379 4106 1448 4171 inJ
1485 4105 1517 4169 io
1529 4101 1596 4169 Afn'

587 4213 669 4256 cano
686 4191 751 4256 ait:
775 4191 882 4277 Hujus
895 4202 940 4255 est
955 4191 1086 4277 epistola
1106 4216 1125 4256 o
1169 4193 1225 4257 Ori
1247 4215 1331 4256 errem
1346 4206 1438 4276 super
1452 4187 1596 4277 quoestior

590 4276 754 4355 Srrsonnoe,
769 4299 801 4339 eo
817 4276 899 4362 qnod
912 4276 996 4341 dicut
1011 4275 1045 4341 in
1061 4278 1195 4342 Hebroeo
1257 4275 1460 4427 negabulom
1481 4296 1544 4340 non
1563 4271 1596 4337 lu

589 4360 664 4440 beri,
682 4383 736 4425 nec
756 4361 912 4425 conuenire
932 4384 1000 4425 com
1027 4362 1180 4428 Hebraico
1200 4374 1300 4449 etymo
1330 4361 1388 4451 gia
1408 4361 1462 4426 ἀπὸ
1484 4366 1533 4424 τοῦ
1551 4356 1596 4458 gb

588 4445 683 4532 giorno,
698 4448 745 4509 nal
760 4447 814 4508 ἀπὸ
834 4453 882 4510 τοῦ
899 4445 1000 4534 oglon
1015 4446 1130 4533 apicus,
1146 4459 1254 4512 contra
1268 4470 1359 4534 quern
1372 4447 1494 4512 doctam
1573 4452 1596 4507 n

588 4531 655 4595 bono
670 4531 776 4596 scribit
794 4531 951 4618 Origenes.
995 4533 1058 4597 His
1078 4533 1238 4598 consentit
1259 4532 1391 4598 Photius
1410 4532 1444 4597 in
1464 4531 1527 4596 Bib
1541 4526 1596 4595 'otl

589 4617 663 4682 cod.
675 4630 726 4683 34.
747 4616 839 4693 Οὗτος
855 4619 1043 4705 (Ἀφρικανὸς)
1059 4619 1108 4685 καὶ
1123 4621 1196 4707 πρὸς
1210 4616 1357 4708 Ὠςιγὲνην
1370 4616 1470 4706 γράφει
1489 4615 1557 4703 mpl
1574 4635 1596 4679 tt

918 4926 925 4963 l
