4092 5675
735 1100 1344 1199 ANNOTATIONES

473 1340 475 1343 ⁴
588 1336 648 1417 ru
677 1336 990 1450 CONCILIUM
1017 1308 1497 1420 ruassrruaoaurr

798 1553 1013 1638 cousin
1039 1552 1281 1635 norrun.

904 1799 1178 1837 ...Φ-...-

565 1978 599 2041 Ρ.
610 1989 679 2051 373.
696 1977 717 2041 l.
734 1992 759 2041 ι.
784 1976 1013 2041 Concrnruru
1033 1975 1106 2061 scr]
1126 1975 1229 2055 Idem,
1244 1986 1400 2063 tanquam
1410 1974 1442 2041 si
1462 1973 1555 2042 hierii

521 2064 605 2128 inter
621 2062 768 2127 concilia
781 2063 1012 2148 reponendum,
1025 2061 1150 2127 addidit
1162 2061 1275 2148 steph.
1290 2060 1446 2127 Baluzius
1459 2062 1556 2128 Nova
1586 2128 1589 2133 ,

522 2173 588 2215 suae
613 2147 795 2213 Collectioni
819 2147 979 2214 Conciliat.
1002 2147 1043 2211 ad
1065 2169 1140 2234 pag.
1165 2154 1212 2211 16.
1233 2146 1291 2211 sed
1311 2169 1352 2212 ex
1373 2147 1554 2236 Epiphanio

520 2249 658 2299 tantum.
688 2234 802 2299 Quum
816 2252 924 2298 autem
941 2247 1014 2320 post
1027 2233 1152 2297 Baluzii
1165 2245 1303 2297 mortem
1319 2245 1448 2298 textum
1464 2231 1552 2297 Gra·

520 2343 596 2399 curn
623 2318 787 2400 Romilia,
813 2342 885 2407 quae
914 2332 1056 2396 vocatur,
1082 2318 1196 2383 Contra
1222 2318 1356 2383 Noetam
1383 2318 1555 2407 Hippolyti

520 2405 674 2495 Martyris
693 2407 815 2493 primus
832 2404 965 2469 ediderit
977 2406 1008 2470 J.
1021 2404 1100 2469 Alb.
1116 2403 1290 2483 Fabricius,
1305 2404 1361 2491 qui
1375 2403 1467 2468 illam
1482 2426 1551 2468 cen·

520 2507 568 2557 set
588 2509 764 2556 extremam
786 2505 909 2577 partem
930 2510 1000 2554 esse
1019 2489 1093 2554 libri
1107 2490 1153 2553 Hi
1177 2488 1300 2577 polytei
1314 2490 1465 2555 adversare
1477 2488 1552 2554 Hrc-

519 2599 610 2656 reses,
626 2577 722 2663 hujus
744 2598 911 2641 consessus
933 2574 1082 2641 notitiam
1104 2512 1226 2640 exltoc
1248 2576 1421 2663 opusculo,
1439 2575 1552 2663 pariter

518 2678 615 2747 atque
640 2684 680 2725 ex
705 2661 897 2747 Epiphanio,
920 2659 1004 2725 dedi.
1050 2660 1115 2725 Sed
1136 2660 1212 2747 quia
1234 2658 1436 2810 Epiphanius
1461 2659 1551 2748 atque

519 2748 720 2834 Hippolytus
730 2747 840 2812 eadem
853 2746 893 2811 ad
903 2748 1034 2811 verbum
1047 2746 1281 2832 propemodum
1314 2747 1448 2812 eNoeti
1460 2760 1494 2811 at
1515 2760 1550 2811 ue

518 2832 648 2896 haeresis
669 2832 738 2920 ejus
760 2830 1026 2898 condemnatione
1047 2832 1261 2921 protulerunt,
1279 2831 1401 2898 idcirco
1416 2832 1500 2921 Epip
1539 2867 1550 2881 ·

519 2918 609 2982 nium
625 2917 687 2982 ista
708 2941 747 2982 ex
765 2919 834 3004 ipso
853 2918 1049 3006 Hippolyto,
1066 2939 1250 3005 quanquam
1267 2917 1356 2983 haud
1376 2918 1549 2996 nominato,

519 3004 733 3089 desumpsisse
755 3003 867 3068 statuit
886 3004 972 3069 idem
992 3005 1198 3090 praestantiss.
1218 3004 1394 3069 Fabricius.
1442 3006 1550 3068 Fateor

520 3089 647 3176 quidem
664 3090 800 3175 plurima
816 3089 1044 3177 confutationis
1058 3089 1150 3162 Noeti
1163 3090 1248 3176 apud
1264 3090 1333 3176 Hip
1379 3089 1486 3178 lytum
1501 3111 1549 3153 ex·

519 3182 684 3262 tare‚‘quae
708 3199 765 3240 sua
786 3176 861 3240 fecit
882 3175 1102 3262 Epiphanius3
1125 3198 1200 3240 curn
1223 3197 1297 3239 vero
1320 3176 1360 3240 a'
1406 3174 1548 3263 quaedam

519 3262 676 3326 addiderit
698 3262 893 3348 Epiphanius
912 3261 1172 3326 condemnationi
1188 3261 1252 3339 isti,
1267 3283 1370 3347 eaque
1385 3284 1426 3326 ex
1440 3261 1547 3326 eodem

434 3426 437 3432 Ι
518 3361 623 3412 vetere
643 3365 785 3426 auctore,
806 3364 843 3412 ut
863 3347 997 3426 videtur,
1017 3347 1271 3433 desumpta-‘cui
1289 3353 1408 3411 caeter'a
1426 3347 1547 3422 debuit5

519 3434 594 3498 hino
609 3434 712 3519 magis
728 3435 914 3518 putaverim,
928 3448 1089 3498 auctorem
1103 3433 1211 3510 istum,
1223 3432 1409 3519 quicunque
1424 3432 1549 3497 demum

519 3521 546 3582 is
561 3520 667 3597 fuerit,
682 3542 720 3585 ex
743 3519 924 3604 Hippolyto
945 3519 1096 3604 pleraque
1110 3541 1168 3582 sua
1181 3516 1341 3596 habuisse,
1358 3517 1409 3593 vel
1423 3516 1549 3582 fortasse

521 3605 738 3706 Hippolytum
755 3627 794 3668 ex
809 3606 870 3668 isto
886 3616 1028 3683 auctore,
1041 3604 1124 3668 sicut
1134 3604 1196 3667 alia
1210 3602 1329 3667 ibidem
1345 3607 1387 3668 'ex
1400 3597 1474 3690 ipso
1489 3596 1549 3667 hae·

520 3706 620 3756 renco
635 3692 670 3754 N
672 3703 747 3753 ueto
761 3689 960 3776 Hippolytus
979 3689 1097 3774 hausit.
1143 3690 1234 3753 ldem
1249 3703 1357 3752 tamen
1372 3703 1465 3754 vetus
1479 3696 1547 3753 auc·

521 3793 573 3843 tor
589 3776 675 3840 haud
690 3774 794 3839 multo
810 3776 858 3838 vel
869 3776 1032 3839 recentior
1045 3775 1092 3839 vel
1107 3774 1267 3862 antiquior
1285 3773 1413 3861 Hippol
1438 3790 1474 3840 to
1489 3791 1549 3839 esso

522 3863 637 3948 potuit.
682 3862 878 3948 Ubicunque
899 3883 984 3939 veru,
1005 3874 1043 3926 ut
1066 3861 1171 3925 obiter
1195 3860 1228 3924 id
1253 3876 1377 3939 notem,
1400 3939 1403 3944 ι
1425 3872 1547 3956 ogmata

521 3948 689 4012 traduntur
705 3947 776 4010 fidei
797 3948 829 4013 in
850 3947 1007 4032 opusculo
1028 3947 1240 4033 Hippolyte0‚
1259 3944 1304 4027 ibi
1325 3945 1474 4032 profecto
1487 3957 1547 4011 tum

522 4033 648 4096 dicendi
670 4055 799 4117 genere,
824 4046 893 4096 tum
917 4031 1079 4095 vocabulis
1105 4032 1206 4094 utitur
1229 4031 1366 4118 scriptor
1390 4030 1461 4120 ejus
1482 4049 1545 4095 cum

521 4119 695 4203 Hippolyti
710 4133 804 4182 aetate
820 4118 940 4203 optime
954 4117 1238 4180 consentientibus.

567 4202 650 4265 lbid.
675 4203 696 4265 l.
721 4217 749 4266 8.
776 4203 944 4291 Σμυρναῖος]
976 4204 1179 4288 Smyrnaeum
1208 4203 1356 4267 Noetin'u
1385 4199 1485 4265 fuisse
1510 4195 1545 4262 ait

522 4289 619 4352 etiam
633 4287 855 4352 Tlieodoretus
869 4288 926 4353 lib.
938 4288 981 4351 iii.
999 4290 1122 4352 Haeret.
1139 4288 1215 4351 Fab.
1232 4309 1261 4352 c.
1274 4301 1304 4350 3.
1320 4299 1360 4350 ¹et
1379 4287 1543 4350 Damasce-

525 4372 784 4455 nus'(Anoceplr.)
803 4387 881 4438 sect.
893 4387 943 4449 57.
958 4374 1013 4459 qui
1032 4374 1115 4437 solet
1134 4372 1195 4458 Epi
1218 4371 1349 4435 hanium
1369 4371 1471 4458 sequi.
1511 4368 1542 4431 Et

524 4473 631 4522 tamen
650 4458 734 4544 apud
755 4459 970 4545 Epiphaniam
987 4461 1113 4522 Haeres.
1125 4471 1174 4533 57.
1191 4395 1280 4543 ldgas
1294 4458 1443 4521 Noetuur
1459 4453 1542 4544 fatias?

522 4545 650 4607 Ἀσιανόν
673 4550 720 4620 τῆς
742 4543 861 4621 Ἐφέσου
884 4545 1005 4619 πόλεως.
1037 4545 1260 4607 FABRICIUS·
1310 4541 1419 4607 Potuit
1440 4543 1541 4624 l8‚q11¹

523 4645 596 4694 ortu
612 4631 795 4715 Smyrnaeus
811 4629 883 4708 fuit,
897 4630 971 4693 civis
986 4643 1098 4714 postea
1112 4630 1177 4691 fieri
1191 4628 1383 4714 Ephesinus.
1419 4613 1539 4694 Moxrd

524 4716 579 4780 lin.
597 4729 642 4780 10.
658 4714 784 4802 ἐπαρθεὶς
798 4737 857 4802 pro
872 4716 1005 4800 ἐπαχθεὶς
1020 4715 1115 4782 scribi
1132 4715 1235 4779 velim.
