4092 5675
621 775 666 851 94
956 759 1315 828 ANNOTATIOan

621 933 829 997 Vacemus.
865 930 981 997 Statim
1000 945 1076 1020 post
1094 934 1140 998 ἐδὲ
1160 937 1218 1021 γὰρ
1232 933 1310 999 MS.
1325 931 1465 1021 Norfolc.
1480 954 1540 1022 pro
1554 939 1585 1000 οὔ
1598 941 1658 1024 γὰρ

619 1017 675 1082 οὗν.

664 1105 698 1167 Ρ.
712 1115 761 1179 78.
780 1103 802 1167 l.
815 1115 845 1179 7.
866 1104 1086 1191 ὑποκινήσαντος]
1109 1105 1321 1182 ἇποκινῆσαντος
1346 1105 1475 1173 Gmteri
1495 1105 1601 1172 Leclt.
1622 1117 1658 1174 et

619 1188 738 1288 Margo
753 1190 910 1254 Jonesioni
923 1191 1056 1276 exempl.
1079 1192 1249 1255 Srnorn.

620 1360 642 1426 s
665 1274 748 1339 lbrd.
768 1275 789 1339 l.
806 1290 835 1340 8.
858 1280 933 1340 κατὰ
957 1278 985 1340 δὲ
1009 1278 1069 1360 τὸν]
1099 1281 1175 1340 κατὰ
1198 1281 1256 1362 γὰρ
1279 1278 1326 1341 τὸν
1351 1275 1524 1362 Cllrlttopll.
1551 1280 1656 1345 Lecti.

645 1381 789 1425 rnorn.

664 1447 746 1511 Ibid.
769 1447 881 1532 ἑκᾶςου]
899 1446 1029 1535 ἑκατέρου
1047 1446 1221 1532 Chrislople.
1236 1448 1337 1511 Lectt.
1355 1449 1525 1512 STROTH·
1550 1449 1657 1535 Supra

618 1532 658 1596 ad
676 1533 731 1596 lin.
746 1543 775 1607 7.
797 1553 859 1618 pro·
876 1535 1017 1618 ἑκατέρους
1040 1534 1193 1619 scriptum
1216 1547 1265 1597 est
1289 1532 1321 1596 in
1337 1533 1414 1598 MS.
1435 1531 1576 1619 Norfole.
1598 1535 1658 1600 ad·

617 1619 761 1683 verbium
776 1617 922 1705 ἑκατέρως,
937 1618 1147 1704 additumque
1160 1620 1221 1692 τοὺς
1234 1631 1308 1682 ante
1322 1617 1434 1693 ἑαυτάς.

662 1704 746 1768 Ibid.
760 1703 783 1766 l.
799 1717 845 1767 12.
868 1703 919 1765 olor
932 1703 1088 1790 ἐπίτροπον]
1105 1703 1236 1768 Rufinus
1250 1704 1321 1768 haec
1334 1704 1429 1768 verba
1448 1725 1513 1769 non
1534 1725 1655 1791 agnos*

617 1789 672 1853 cit.
709 1789 762 1852 Sic
785 1789 870 1851 enim
892 1789 985 1853 vertit
1006 1788 1104 1853 veluti
1121 1789 1362 1879 primogenitum
1382 1790 1557 1875 prophetice
1574 1790 1657 1875 ipso·

618 1897 699 1952 rura,
715 1873 900 1937 Theodotum
915 1874 1045 1939 nomine.
1090 1875 1213 1940 Omnes
1228 1891 1336 1940 tamen
1350 1875 1477 1940 codices
1499 1888 1534 1941 et
1553 1877 1657 1941 Nice·

616 1958 749 2046 phoras,
764 1959 847 2023 hanc
865 1982 975 2024 vocem
998 1973 1188 2046 agnoscunt.
1231 1964 1309 2025 Erat
1329 1959 1415 2047 apud
1436 1961 1656 2028 Montanium

616 2067 690 2109 arca
716 2045 875 2131 quaedam,
900 2046 933 2109 in
958 2068 1055 2132 quam
1082 2046 1208 2111 sodales
1233 2047 1274 2110 sti
1298 2068 1350 2110 em
1374 2047 1589 2133 conjiciebant
1611 2047 1656 2113 ad

615 2131 845 2220 prophetarum
860 2131 1056 2195 alimoniam.
1101 2132 1224 2196 Primus
1245 2068 1434 2196 'l'lieodotus
1453 2130 1551 2219 hujus
1570 2141 1654 2198 arcae

616 2237 727 2282 curam
749 2218 860 2304 gessit,
878 2237 974 2304 quem
996 2216 1116 2281 idcirco
1137 2229 1377 2302 procuratorem
1390 2218 1578 2367 prophetiae
1599 2217 1654 2284 hic

615 2305 753 2390 scriptor
766 2314 870 2381 vocat,
885 2302 974 2390 quod
989 2303 1109 2369 reditus
1123 2303 1252 2367 illorum
1270 2316 1304 2366 et
1323 2324 1388 2388 prae
1412 2304 1442 2367 ia
1456 2317 1653 2389 procuraret.

615 2392 694 2456 Erat
707 2389 828 2476 alioqui
843 2390 1021 2453 Montanus
1036 2411 1111 2454 cum
1132 2389 1198 2453 suis
1216 2386 1435 2474 prophetissis,
1448 2409 1587 2474 magnus
1607 2411 1654 2454 εί

614 2488 770 2555 sumator,
795 2474 851 2561 qui
878 2475 1045 2561 pecuniam
1075 2474 1217 2561 undique
1243 2473 1424 2539 corraderet
1449 2473 1653 2541 oblationum

616 2562 733 2648 specie.
777 2559 897 2624 Salaria
919 2560 1016 2624 etiam
1041 2560 1183 2645 praebere
1205 2560 1317 2624 solitus
1337 2559 1387 2637 iis,
1402 2560 1458 2646 qui
1473 2559 1653 2626 doctrinam

615 2668 708 2709 suam
729 2646 950 2731 praedicarent,
965 2657 1003 2708 ut
1023 2645 1134 2708 scribit
1150 2644 1344 2731 Apollonius
1365 2645 1451 2729 apud
1472 2646 1653 2712 Eusebium

614 2732 649 2796 in
664 2731 769 2816 capite
784 2730 930 2815 sequenti
947 2733 1056 2815 (supra
1069 2751 1102 2815 p.
1115 2734 1192 2811 55.).
1214 2730 1335 2793 Arcam
1349 2729 1450 2815 igitur
1465 2753 1523 2795 seu
1539 2732 1656 2797 fiscum

613 2816 764 2882 habuerit
783 2837 912 2880 necesse
931 2828 990 2894 est,
1006 2828 1038 2879 et
1059 2827 1300 2901 procuratorem
1322 2815 1435 2895 erarii,
1450 2816 1505 2904 qui
1527 2816 1655 2899 salarie,'

613 2902 649 2969 id
665 2915 725 2978 est,
739 2901 889 2988 pecunias
906 2912 1087 2965 numeraret
1106 2901 1145 2965 iis
1167 2901 1284 2989 quibus
1303 2903 1482 2968 Montanus
1501 2902 1655 2971 decrero:

614 3005 675 3053 rat.
697 2990 905 3052 Vnsssrus.

658 3074 743 3140 Ibid.
765 3074 849 3148 πολὺς
864 3077 935 3160 aigei
947 3071 1047 3156 λόγος]
1060 3073 1098 3136 ln
1114 3070 1225 3136 codice
1238 3070 1399 3136 Medicaeo
1414 3072 1503 3137 Maz.
1517 3086 1551 3139 et
1566 3075 1652 3143 Fuk.

614 3158 734 3245 legitur
754 3164 816 3244 ἐρεῖ.
852 3158 952 3244 Apud
977 3159 1154 3223 Eusebium
1179 3169 1288 3221 tamen
1314 3157 1346 3221 in
1369 3156 1426 3222 lib.
1444 3158 1508 3223 viii.
1532 3160 1583 3227 bis
1606 3161 1654 3227 ita

615 3245 764 3311 scribitur
778 3261 814 3310 ut
832 3245 896 3309 hoc
915 3245 987 3309 loco
1002 3245 1157 3331 scriptum
1173 3243 1271 3322 vides,
1285 3245 1378 3318 πολὺς
1391 3247 1462 3328 αἱρεῖ
1473 3244 1569 3331 λόγος.
1593 3247 1652 3313 ubi

613 3337 686 3441 aigei
698 3332 784 3397 idem
800 3332 882 3396 valet
893 3353 931 3395 ac
946 3335 1052 3417 κρατεῖ.
1074 3328 1410 3413 VALEswse-lc'yof
1427 3336 1603 3416 mapeaeiroq
1618 3350 1653 3396 rs

614 3444 661 3495 swa
675 3424 878 3494 aerearesirroq
892 3418 986 3480 ἑαυτὸν
1000 3424 1040 3501 τῷ
1056 3422 1104 3493 τῆς
1118 3418 1225 3492 ἀπατῆς
1239 3414 1391 3498 πνεύματι,
1404 3418 1451 3497 ἀφ’
1467 3415 1497 3479 οὗ
1511 3423 1542 3479 ei
1559 3417 1652 3498 έμενον

613 3529 679 3566 ποτε
693 3504 714 3589 ’b
729 3500 990 3584 ἂναλαμὲανόμενον
1004 3507 1041 3574 εἷς
1063 3499 1163 3586 &perde
1181 3500 1353 3584 Christopll.
1368 3501 1468 3566 Lectt.
1482 3515 1516 3566 et
1529 3444 1650 3591 ἧπάρ.

613 3589 784 3653 Srnorn.
818 3594 855 3650 ln
870 3587 967 3651 MSto
984 3607 1114 3670 quoque
1128 3584 1266 3671 Norsolc.
1281 3585 1366 3649 male
1381 3589 1445 3672 ἐρεῖ.

657 3673 740 3737 lbid.
754 3672 776 3736 l.
792 3684 838 3735 14.
860 3672 1046 3755 ωαρεκςῆνῳ]
1065 3670 1155 3734 Male
1170 3671 1357 3755 interpretes
1373 3692 1483 3735 omnes
1498 3671 1586 3737 hunc
1599 3673 1650 3738 loa¹

613 3782 688 3825 cum
715 3779 839 3867 cepere.
868 3762 1042 3842 παρεκςῆνοᾳ
1064 3769 1114 3819 est
1138 3755 1219 3818 falso
1243 3756 1359 3843 mentis
1383 3778 1514 3822 excessu
1535 3758 1651 3844 abripi.

613 3846 666 3910 Sic
680 3869 861 3932 ωαςεκςασις
876 3863 971 3928 supra
988 3841 1135 3920 sumitur,
1156 3840 1189 3905 id
1211 3852 1261 3904 est
1280 3842 1360 3906 falsa
1381 3843 1521 3907 ecstasis.
1565 3844 1651 3911 Sunt

611 3932 697 3995 enirn
718 3953 799 3994 verae
822 3940 957 3992 ecstases
979 3927 1012 3991 in
1029 3926 1172 4005 ecclesia,
1185 3925 1368 4013 cujusmodi
1388 3928 1450 3992 fuit
1470 3927 1554 3991 Petri
1568 3950 1650 4016 apo-

613 4016 699 4093 stoli,
715 4016 748 4079 in
761 4015 900 4079 Actibus
915 4036 985 4098 cap.
1000 4036 1031 4076 x.
1047 4026 1079 4076 et
1093 4012 1135 4076 xi.
1151 4012 1208 4076 ubi
1231 4014 1340 4076 Petrus
1354 4013 1467 4077 vidisse
1483 4012 1601 4078 dicitur
1614 4015 1650 4080 in*

612 4100 727 4166 ecstasi
746 4101 909 4165 visionem.
951 4099 1037 4162 Talis
1061 4098 1138 4162 item
1159 4097 1222 4162 tuit
1243 4097 1371 4163 ecstasis
1393 4097 1481 4162 Pauli
1495 4099 1651 4184 apostoli·‚·

612 4210 687 4253 curn
713 4186 755 4250 ad
778 4186 906 4249 tertium
928 4205 1031 4270 usque
1052 4183 1168 4247 caelum
1194 4182 1345 4267 abreptus
1365 4198 1425 4247 est.
1471 4185 1648 4261 Puerorum

611 4294 742 4360 quoque
755 4285 891 4335 ecstases
908 4270 940 4333 in
952 4269 1170 4333 testimonium
1186 4269 1388 4332 adducuntur
1400 4291 1420 4332 a
1432 4267 1598 4416 Oppriano
1613 4271 1649 4335 in
1672 4306 1683 4311 -

611 4357 748 4444 epistola
770 4378 864 4421 nona.
908 4358 991 4420 Sunt
1009 4355 1088 4419 item
1109 4353 1197 4417 falsae
1211 4368 1348 4419 ecstases
1363 4355 1450 4439 apud
1489 4355 1648 4434 aereticos,

634 4468 684 4508 uae
698 4442 882 4528 παρεκςάσεις
895 4441 1058 4526 eleganter
1075 4439 1225 4503 dicuntur
1239 4440 1280 4503 ab
1294 4439 1357 4502 hoc
1372 4440 1535 4526 scriptore.
1580 4443 1648 4506 Eo-

611 4468 684 4594 dem
700 4528 798 4592 modo
813 4549 879 4613 quo
892 4525 1130 4613 παραδιορθώσεις
1143 4525 1230 4588 falsae
1245 4524 1482 4590 emendationes
1496 4525 1650 4591 dicuntur¹

609 4638 630 4678 a
646 4614 824 4702 Porphyrio
847 4613 878 4676 in
900 4611 1132 4697 quaestionibus
1153 4610 1346 4674 Homericis
1391 4613 1433 4674 Et
1447 4611 1498 4674 hae
1513 4611 1647 4696 quidem

609 4701 700 4768 falsae
720 4714 870 4778 ecstases,
881 4696 1012 4785 propius
1028 4697 1069 4763 ad
1083 4697 1223 4762 furorem
1237 4696 1405 4779 accedunt,
1419 4710 1533 4785 utpote
1548 4719 1568 4761 a
1581 4697 1648 4763 daea
