4092 5675
539 754 593 819 IN
610 751 757 819 ANON.
771 749 910 816 AUCT.
934 750 1120 817 CONTRA
1142 751 1336 819 CATAPH.
1394 775 1450 821 101

419 933 451 986 et
469 920 580 988 falsos.
617 923 694 988 Veri
715 923 801 987 enim
826 923 1003 1009 prophetae,
1029 924 1083 1009 qui
1106 924 1226 1010 Spiritu
1252 924 1316 988 Dei
1339 924 1452 1009 repleti

417 1021 515 1085 erant,
542 1008 653 1094 quieto
682 1030 720 1072 ac
750 1009 923 1094 tranquillo
952 1010 1061 1072 animo
1087 1010 1303 1094 praedicehant
1331 1011 1451 1075 futura.

417 1092 711 1180 Pseudoprophetas
732 1116 816 1171 vero,
837 1095 938 1181 qualis
959 1109 1028 1158 erat
1050 1096 1238 1172 Montanus,
1252 1118 1325 1158 cum
1343 1096 1451 1161 furore

415 1192 446 1242 et
474 1179 601 1243 insania
627 1179 849 1265 loquebantur.
898 1179 995 1243 Certe
1021 1180 1172 1243 catholici
1201 1181 1263 1244 hoc
1291 1181 1451 1267 praecipue

414 1262 613 1351 objiciebant
632 1266 852 1343 Montanistis,
868 1266 922 1350 qui
943 1288 976 1329 sc
998 1265 1188 1350 prophetico
1204 1266 1324 1351 Spiritu
1338 1266 1450 1352 plenos

414 1369 482 1414 esee
499 1349 678 1436 jactabant,
694 1351 782 1437 quod
797 1352 827 1414 in
843 1352 956 1414 ecstasi
975 1352 1224 1436 prophetarent:
1248 1373 1322 1415 cum
1342 1366 1449 1438 tapten

414 1455 470 1498 nec
484 1435 518 1498 in
533 1456 629 1514 novo,
644 1457 701 1500 nec
717 1437 748 1500 iu
764 1449 868 1500 vetere
883 1449 1076 1500 testamento
1100 1435 1274 1522 prophetas
1289 1437 1320 1500 in
1335 1439 1450 1503 ecstasi

357 1527 359 1564 ²
414 1541 555 1606 unquam
575 1521 783 1607 prophetasse
805 1522 961 1607 legamus.
1005 1523 1119 1607 ltaque
1142 1521 1308 1585 Miltiades
1329 1522 1448 1587 librum

413 1605 563 1670 adversus
576 1629 633 1670 eos
648 1608 774 1692 scripsit
789 1608 851 1671 hoc
868 1607 973 1670 titulo.
995 1609 1063 1692 arpi
1077 1614 1125 1670 τοῦ
1138 1611 1177 1688 μὴ
1197 1609 1247 1670 δεῖν
1262 1609 1407 1695 προφήτην
1423 1614 1449 1672 ἓν

413 1692 523 1764 luricas
545 1697 655 1756 λαλεῖν.
688 1691 730 1757 Et
753 1692 949 1779 Epiphanius
972 1693 1121 1757 adversus
1145 1692 1290 1755 haeresim
1314 1695 1448 1757 Monta·

413 1777 569 1842 uictarum
582 1799 654 1864 cap.
669 1792 699 1842 2.
721 1777 774 1841 ὅσα
796 1784 854 1864 γὰρ
875 1782 899 1840 oi
920 1784 1060 1861 apopiraa
1079 1778 1215 1865 siginatos,
1228 1781 1302 1860 paral
1316 1776 1448 1855 συνέσεως

412 1869 690 1948 παρακολουθοῦντες
703 1865 884 1950 ἐφθέγγοντο.
905 1876 938 1926 et
952 1885 1021 1963 cap.
1034 1878 1064 1925 4.
1080 1886 1117 1927 ac
1132 1864 1351 1950 sequentibus,
1366 1864 1448 1929 hanc

412 1967 489 2012 νοω
504 1969 544 2013 ac
558 1949 709 2035 spiritalis
728 1949 905 2035 prophetiae
925 1949 1134 2012 certissimam
1150 1963 1259 2013 notam
1276 1972 1344 2014 csse
1360 1949 1448 2030 dicit,

411 2045 445 2098 ut
459 2034 579 2099 mentis
594 2055 660 2099 suae
675 2046 841 2120 compotes
857 2035 930 2112 sint,
945 2036 1000 2120 qui
1014 2036 1122 2100 futura
1136 2033 1326 2121 praedicunt.
1351 2035 1447 2100 Simi-

412 2116 480 2185 liter
492 2121 636 2184 loannes
653 2119 906 2219 Chrysostomus
928 2121 1074 2183 Humilia
1086 2135 1135 2198 29.
1159 2120 1191 2182 in
1216 2120 1395 2206 Epistulam
1420 2137 1446 2186 1.

410 2204 448 2270 td
464 2204 666 2284 Corinthios,
682 2206 738 2269 ubr
761 2205 931 2269 discrimen
957 2207 1047 2269 affert
1069 2206 1151 2269 inter
1172 2204 1398 2270 divinationem
1414 2219 1448 2271 et

411 2290 624 2378 prophetiam.
662 2293 737 2355 Hoc
752 2292 850 2368 eninr,
863 2290 976 2376 inquit,
991 2291 1154 2388 proprium
1171 2304 1219 2353 est
1234 2292 1311 2354 vatis
1326 2314 1383 2355 seu
1397 2291 1446 2356 di·

411 2374 571 2455 vinatoris,
594 2391 711 2440 emotae
733 2398 803 2441 esse
825 2376 941 2440 mentis
954 2398 963 2452 ;
987 2376 1084 2461 pelh;
1108 2375 1213 2452 trahi3
1236 2376 1352 2462 raptari
1375 2389 1447 2440 tan·

410 2481 504 2548 quam
521 2461 694 2525 sitientem.
739 2461 898 2547 Propheta
919 2483 991 2524 vero
1015 2484 1077 2525 non
1101 2462 1165 2525 ita:
1190 2462 1246 2525 sed
1267 2476 1374 2525 mente
1393 2485 1447 2526 so·

410 2545 487 2626 bria,
498 2559 622 2610 etcum
639 2546 785 2610 modesta
797 2570 834 2611 ac
850 2560 1027 2645 temperata
1040 2547 1136 2609 animi
1151 2547 1396 2626 constitutione;
1414 2561 1447 2613 et

410 2653 481 2720 quae
496 2631 644 2718 loquitur
656 2632 849 2718 intelligens,
867 2632 944 2695 dicu
960 2632 1077 2695 omnia.
1109 2631 1169 2695 His
1185 2631 1266 2694 udde
1280 2632 1403 2696 Hieron
1431 2672 1446 2685 ·

410 2739 496 2782 mum
523 2718 557 2782 in
581 2717 768 2816 praefatioue
793 2717 1108 2782 Commentariorum
1136 2718 1167 2779 in
1192 2716 1337 2780 Nahum.
1376 2656 1448 2783 nin

410 2802 490 2867 enirn
503 2801 643 2901 loquitar
657 2802 689 2867 in
705 2802 827 2882 ἐκςάσεο,
840 2814 876 2867 at
890 2803 1064 2867 Montanus
1077 2813 1107 2867 et
1122 2802 1229 2867 Prisca
1241 2802 1446 2868 lllaaimilia·

411 2909 466 2975 pue
479 2887 641 2953 delerant.-
665 2889 718 2953 sed
739 2890 822 2978 quod
839 2887 1016 2974 prophetat,
1031 2889 1108 2953 liler
1123 2900 1167 2953 est
1182 2888 1308 2953 visionis
1327 2886 1447 2953 intelli·

409 2974 510 3061 gentis
523 2973 668 3038 universo
683 2997 756 3062 qnoe
773 2974 920 3063 loquitar.
967 2973 1056 3038 Idem
1078 2974 1111 3037 in
1132 2973 1319 3059 praefatione
1341 2973 1445 3040 Com-

410 3061 636 3124 mentariorum
652 3059 684 3123 in
700 3061 890 3124 Habbacuo.
936 3059 1024 3124 Idem
1042 3061 1071 3124 in
1087 3059 1170 3123 libro
1183 3060 1215 3123 ii.
1235 3059 1447 3125 Commenta·

410 3143 529 3210 riorum
549 3145 583 3209 in
602 3145 705 3231 Epist.
726 3145 766 3209 ad
788 3145 961 3231 Ephesios.
989 3146 1057 3209 Ant
1081 3144 1180 3231 igitar
1192 3146 1293 3228 jacto
1315 3146 1447 3211 Monta-

411 3250 482 3295 num
498 3230 700 3316 patriarchas
720 3243 751 3295 et
772 3230 940 3315 prophetas
963 3230 995 3294 in
1018 3228 1129 3295 ecstasi
1154 3228 1270 3293 locutos
1294 3230 1446 3315 occipien-

410 3312 492 3396 tan,
504 3327 535 3380 et
548 3315 678 3381 nescisse
714 3338 766 3380 ace
780 3315 915 3380 dicerint
922 3342 934 3394 ,·
951 3326 1005 3379 aut
1020 3315 1048 3378 si
1063 3314 1117 3378 hoc
1132 3313 1261 3399 impiam
1276 3324 1321 3378 est
1341 3316 1445 3398 (spiri-

411 3409 457 3465 tns
478 3401 595 3489 quippe
612 3416 690 3486 prop
729 3412 833 3465 tarum
850 3400 1010 3487 prophetis
1035 3400 1188 3484 subjectns
1213 3401 1271 3481 est)
1300 3398 1446 3465 intellex-

386 3497 497 3555 smmi
521 3486 631 3574 ntique
652 3509 725 3574 qnae
747 3486 841 3550 locuti
865 3498 947 3568 sunt,
970 3488 1030 3550 &c
1077 3487 1175 3550 Porro
1197 3483 1373 3549 notandum
1395 3501 1445 3552 est

409 3568 492 3639 huuc
513 3594 716 3660 anonymum
737 3571 924 3658 scriptorem
946 3594 1109 3658 nunquam
1130 3583 1267 3634 ecstases
1283 3571 1443 3657 appellare

409 3678 503 3723 vanos
524 3656 598 3722 illos
621 3657 907 3722 mentis'excessus
930 3656 1215 3733 Montanistarum,
1239 3655 1295 3720 sed
1319 3678 1445 3743 semper

408 3756 612 3827 pereoctases,
627 3743 670 3806 ob
692 3766 762 3807 eam
786 3743 939 3807 rationem
962 3765 1060 3829 quarn
1079 3763 1174 3828 supra
1195 3739 1270 3804 dixi.
1314 3742 1444 3840 Quippe

408 3842 545 3893 watenes
565 3828 632 3893 fere
652 3829 684 3892 in
708 3829 825 3892 bonam
848 3842 970 3914 partem
993 3840 1164 3891 sumuntur
1183 3848 1202 3889 a
1224 3824 1388 3912 Cypriano
1410 3839 1444 3892 et

408 3910 615 3978 Tertulliano.
660 3916 702 3977 Et
718 3914 790 3977 viris
805 3914 921 3978 sanctis
936 3913 1087 3976 immissae
1102 3912 1254 3997 leguntur
1265 3933 1287 3974 a
1301 3909 1389 3990 Deo,
1404 3927 1443 3978 ut

408 3996 535 4063 ddamo
550 4011 583 4062 et
599 4000 693 4062 Petro
708 3999 867 4084 apostolo.
904 4000 955 4062 Ac
969 3998 1156 4084 pareestasis
1174 4018 1300 4083 semper
1320 3997 1353 4060 in
1374 4020 1443 4061 ma·

407 4078 467 4148 lam
491 4096 618 4170 partem
641 4084 806 4171 accipitur.
827 4086 1036 4148 Vacasrus.
1080 4083 1167 4146 Ante
1189 4081 1259 4146 haec
1281 4083 1441 4149 Eusebius

408 4168 458 4247 ait,
471 4168 653 4244 ὑποκαταὸοὶς
673 4171 699 4232 δὲ
719 4174 745 4232 ir
762 4174 866 4255 ταύτῷ,
881 4169 942 4243 τοὺς
962 4172 1038 4232 κατὰ
1052 4171 1099 4245 τὴν
1115 4170 1206 4244 καινὴν
1221 4168 1350 4246 διαθήκην
1365 4194 1441 4254 arpo·

407 4254 605 4335 npnrwndras
620 4255 784 4341 καταλέγει·
809 4260 835 4318 ἐν
855 4252 891 4328 οἷς
910 4258 1081 4339 καταριθμεῖ
1098 4252 1224 4334 ’Appias
1237 4258 1299 4317 aurai
1314 4255 1362 4317 nal
1378 4260 1439 4317 Ko-

407 4338 508 4421 l'pdrnr,
531 4340 625 4425 λέγων
646 4338 739 4415 οὕτως·
765 4341 867 4403 ’Ami'
891 4337 910 4401 ὅ
928 4365 963 4423 γε
984 4339 1200 4423 ψευδοπροφήτης
1221 4338 1280 4402 &c.
1318 4338 1441 4418 Deinde

409 4422 564 4511 nlipuanto
577 4436 647 4511 post
662 4425 695 4490 in
710 4425 812 4491 eodem
828 4423 904 4488 libro
920 4424 1075 4488 universos
1089 4423 1158 4486 naui
1173 4423 1350 4488 testamenti
1365 4438 1439 4507 pra-

407 4506 510 4590 phetas
524 4522 696 4591 enumerat,
711 4512 792 4576 inter
807 4532 882 4598 quos
896 4509 1063 4573 Ammiani·
1075 4508 1232 4594 quandam
1247 4520 1278 4571 et
1294 4507 1439 4594 Quadra-

409 4601 469 4690 funt
490 4608 626 4662 recenset
651 4596 699 4662 iris
719 4596 843 4662 cerlis:
875 4593 1293 4660 PSEUDOPROPHETA
1318 4604 1438 4659 autem.

409 4680 513 4768 nquit,
528 4683 588 4748 &c

890 4779 947 4830 tta
