4092 5675
503 759 578 836 341
708 774 712 784 ·
837 735 1199 809 mummolum

505 922 530 958 «ι
543 909 716 1000 ostentm}
734 912 831 989 τιςιι
844 913 886 978 ιι
900 910 1235 1001 eremmon„
1252 905 1445 1010 paperem
1457 880 1500 979 sl
1512 911 1544 980 ι.

505 1009 530 1045 ‘⁶
542 1003 638 1069 Porto
657 1000 690 1066 in
708 1020 812 1065 cocum
828 997 969 1087 gratiam
989 998 1045 1086 qui
1063 998 1191 1087 singulo
1208 996 1353 1063 solutus
1365 998 1545 1087 inqrtinm,

506 1094 530 1130 ‘⁶
545 1086 628 1153 illud
648 1105 770 1176 quoque
785 1084 1016 1171 percellemus.
1051 1085 1165 1150 Αιιιιιιι
1178 1082 1279 1183 igitur
1292 1082 1425 1172 quilibet
1436 1084 1548 1152 diebos

506 1173 611 1263 “foro
631 1182 751 1238 murat
767 1191 928 1252 ccccxv,
942 1179 972 1236 et
989 1170 1132 1257 portium
1153 1191 1301 1260 quoquo,
1322 1180 1399 1257 quot
1420 1170 1488 1237 dies
1508 1193 1546 1237 oc

505 1266 529 1301 “
541 1281 606 1325 nox
622 1257 717 1325 situel
736 1256 942 1323 novemdecim
963 1255 1130 1322 continent.
1172 1256 1307 1321 Annum
1327 1254 1374 1320 ait
1394 1269 1543 1323 constare

504 1344 656 1413 “diebus
679 1350 792 1429 3651’3.
840 1344 917 1432 Qua
936 1342 1061 1407 ratione
1081 1341 1227 1430 sequitur
1248 1340 1366 1406 habere
1389 1356 1544 1428 praetereo

504 1437 528 1473 “
540 1430 637 1496 horso
649 1436 682 1511 6,
698 1439 788 1516 ¹⁸13·
803 1428 900 1495 itaut
914 1427 1072 1515 Tropicus
1091 1450 1193 1492 onnus
1210 1426 1340 1492 Julieno
1363 1426 1406 1493 sit
1427 1428 1542 1517 major.

504 1522 529 1559 “
565 1516 633 1582 uod
646 1516 734 1581 haud
749 1513 829 1593 scio,
844 1535 885 1580 an
899 1513 1071 1578 Africanus
1086 1512 1147 1577 sibi
1160 1512 1385 1599 persuaserit.''

543 1537 584 1670 (ᾗ.
601 1601 771 1683 189.1.14.
794 1600 843 1664 nal
863 1597 1057 1686 mpauoploo]
1075 1600 1183 1665 Voces
1200 1619 1220 1662 a
1235 1599 1310 1662 loco
1330 1597 1444 1663 alienu
1458 1611 1543 1680 suut,

499 1709 546 1755 ue
570 1710 611 1756 ue
625 1711 645 1752 a
690 1684 1106 1771 oscunturaScaligeroiu
1119 1682 1315 1749 Euselionis.

568 1773 634 1838 bid.
664 1787 735 1837 .16.
757 1780 845 1859 μιςὸιν
867 1769 898 1835 ι’.
929 1770 1140 1836 Desideratus
1159 1768 1191 1833 ε’.
1212 1769 1246 1834 in
1266 1767 1425 1856 Scaligeri
1442 1770 1543 1835 Euse-

507 1857 618 1923 biom'e
661 1858 750 1923 Facit
770 1869 877 1922 autem
913 1877 1026 1935 scurra,
1039 1876 1138 1941 quam
1158 1866 1234 1944 post
1252 1859 1288 1928 εἰς
1306 1853 1424 1920 τὰυιέ.
1438 1856 1543 1943 signat

491 1944 660 2030 Scaliger,
671 1944 764 2031 cujus
775 1964 849 2007 vero
862 1940 951 2006 nullo
961 1940 1044 2006 ratio
1057 1940 1167 2005 habits
1177 1953 1226 2005 est
1236 1941 1270 2005 in
1282 1940 1431 2006 Parisinis
1445 1942 1542 2028 scrip·

504 2030 558 2109 tis,
572 2042 611 2095 ut
627 2030 735 2109 verbs,
754 2050 827 2115 quae
845 2028 955 2092 statim
974 2038 1051 2112 post
1070 2047 1104 2090 se
1128 2039 1259 2106 uuntur,
1273 2047 1477 2113 nequaquam
1495 2027 1541 2092 in·
1569 2091 1571 2097 ,

499 2115 662 2203 ‚telligom
705 2117 824 2201 Neque
839 2133 1022 2200 enprorsus
1037 2049 1176 2199 intelligi
1190 2125 1337 2200 possunt,
1352 2111 1381 2176 si
1400 2112 1485 2177 Scol'

503 2221 578 2267 rum
592 2200 726 2280 audias3
747 2200 804 2288 qui
818 2200 859 2264 de
870 2197 1033 2276 omnibus,
1045 2220 1119 2284 qute
1131 2198 1214 2262 inter
1227 2196 1298 2261 haec
1312 2197 1443 2285 scripsit
1517 2198 1541 2250 '-

496 2310 615 2369 canus
629 2287 661 2350 in
678 2285 764 2350 hunc
777 2284 912 2350 modum
926 2285 961 2348 lo
984 2284 1081 2349 uitur.
1119 2284 1237 2370 “Quae
1252 2282 1306 2347 hic
1319 2281 1541 2349 demonstran·

505 2380 527 2413 “
542 2373 629 2452 tur,”
643 2372 758 2458 inquit,
773 2378 794 2411 “
808 2371 834 2436 si
854 2369 955 2434 modo
1001 2390 1041 2434 oc
1058 2368 1278 2434 demonstrare
1291 2381 1354 2445 est,
1369 2368 1412 2433 de
1426 2370 1542 2436 menei·

503 2460 600 2524 “bus
620 2470 654 2522 et
675 2458 765 2522 annis
783 2456 962 2532 lunaribus,
971 2451 1167 2543 jamdudum
1186 2476 1206 2517 a
1222 2453 1317 2518 nobis
1334 2454 1442 2520 diluta
1457 2468 1541 2521 sunt.

503 2543 678 2631 “Reliqua
702 2542 819 2609 melius
841 2540 1023 2628 explodere,
1046 2562 1145 2627 quam
1170 2540 1338 2604 confutare
1359 2562 1542 2626 possumus.

502 2637 526 2671 “
540 2633 658 2717 Neque
672 2629 759 2693 enim
773 2649 838 2715 ego
850 2648 889 2691 ea
902 2647 1067 2714 assequor,
1079 2646 1183 2712 neque
1196 2625 1236 2703 is,
1246 2624 1303 2712 qui
1316 2625 1390 2690 haec
1403 2627 1544 2692 somnio·

502 2722 527 2756 “
541 2716 609 2794 bat,
620 2713 854 2801 intelligebat.''
878 2714 1066 2799 Iterumque
1077 2711 1123 2776 ait
1135 2710 1267 2790 ibidem,
1279 2710 1543 2793 “Omnimhaec,

503 2806 527 2843 “
542 2815 579 2866 ut
595 2800 647 2864 hic
662 2813 782 2878 extant,
799 2820 895 2863 nemo
909 2818 978 2863 asse
1001 2796 1122 2862 uitur.’'
1494 2820 1498 2833 ·

549 2887 584 2950 P.
599 2900 665 2964 190.
681 2885 703 2948 l.
719 2901 748 2948 1.
769 2884 827 2949 κδ’.
841 2882 890 2948 καὶ
904 2820 1031 2964 tutellae
1047 2880 1151 2970 {tulgas
1169 2883 1217 2947 καὶ
1234 2884 1329 2957 νυκτὸς
1347 2883 1543 2971 διαιριθιίης]

504 2973 556 3036 lta
573 2991 607 3035 se
627 2969 726 3034 habet
748 2967 889 3055 Syncelli
906 2981 1023 3032 textus.
1068 2968 1212 3054 Scaliger
1224 2968 1338 3047 edidit,
1353 2969 1413 3032 κδ’.
1428 2977 1543 3057 turpes,

501 3056 671 3131 uoluentis
694 3055 883 3142 διαιρεθείσης.
925 3052 1035 3120 Velim
1056 3075 1120 3141 ego
1143 3054 1252 3140 legere
1275 3052 1333 3118 ιδ.
1356 3061 1475 3143 ἡμερῶν,
1496 3057 1544 3120 ul

494 3141 556 3226 Ιιἰιιέ
572 3168 605 3216 ας
630 3142 677 3207 καὶ
701 3141 795 3215 νυκτὸς
816 3139 850 3204 δ’.
888 3138 1035 3204 Petevius
1059 3161 1156 3225 porro
1180 3139 1385 3204 scribendum
1409 3142 1545 3227 putabet

503 3235 611 3316 ἡμερας·
626 3229 674 3291 καὶ
696 3227 800 3306 νυκτὸς,
826 3224 883 3313 qui
905 3224 1058 3312 Scaligeri
1084 3238 1210 3290 tantum
1236 3226 1432 3311 fragmenta,
1456 3226 1545 3314 quod

503 3313 616 3394 scium,
630 3335 698 3400 prae
710 3312 859 3377 manibus
874 3311 1025 3376 habebat.
1063 3310 1114 3376 Ito
1129 3311 1183 3375 ille
1196 3311 1248 3375 De
1263 3312 1372 3375 Doctr.
1389 3313 1498 3398 Temp.
1512 3312 1544 3377 iu

494 3401 577 3466 -looo
585 3399 656 3488 jam
670 3411 863 3478 memorato,
876 3396 1062 3462 “Similiter
1076 3409 1109 3460 et
1123 3396 1266 3462 lunarem
1281 3418 1428 3462 mensem
1443 3397 1545 3486 ἂκςιέῆ

502 3492 526 3525 “
538 3499 687 3551 constare
701 3483 780 3549 dicit
793 3498 844 3563 29.
859 3482 985 3561 diebus,
999 3495 1034 3546 et
1053 3496 1150 3548 nocte
1167 3481 1267 3546 divise
1286 3483 1320 3568 io
1340 3496 1409 3547 105.
1424 3498 1544 3570 pestes,

503 3579 526 3610 “
541 3570 686 3658 partibus
712 3582 763 3648 70,
789 3592 863 3656 quae
891 3568 1045 3632 nimirum
1072 3581 1149 3632 octo
1174 3569 1271 3633 hores
1295 3566 1451 3634 efficiunt.
1495 3570 1551 3636 lta·

495 3665 526 3731 ,“
540 3657 657 3721 mensis
670 3655 789 3720 lunaris
800 3655 842 3719 ab
850 3652 1007 3719 Africano
1018 3665 1158 3753 quatuor
1169 3653 1257 3717 horis
1271 3654 1376 3718 minor
1386 3668 1544 3720 statuere-

503 3749 525 3783 “
541 3756 595 3807 tur
608 3741 731 3828 vulgari
751 3762 789 3805 sc
806 3739 965 3827 populari,
981 3760 1039 3838 qm
1052 3752 1103 3803 est
1118 3742 1191 3822 293.
1236 3741 1349 3826 Itaque
1368 3739 1458 3806 haud
1478 3740 1552 3805 ocio·

413 3847 422 3872 ⁸
495 3834 525 3901 ,“
540 3850 581 3893 an
597 3828 629 3892 in
646 3828 765 3893 Graeco
784 3825 957 3913 legendum
982 3837 1036 3902 ιιι,
1050 3822 1151 3912 ἡμέρας
1175 3824 1223 3888 καὶ
1246 3827 1340 3900 νυκτὸς
1361 3827 1416 3888 tau·
1470 3825 1543 3903 elene

503 3920 528 3955 “
542 3919 579 3989 εἰς
592 3912 660 4014 μέρη
675 3912 729 3976 σι’.
742 3912 845 3976 τούτων
855 3915 894 3976 τὰ
907 3910 940 3975 o‘.
952 3923 990 3995 ut
1003 3909 1089 3974 diem
1106 3923 1299 3998 noctemque
1311 3831 1471 3996 period?
1460 3925 1500 3976 ut
1512 3910 1551 3977 in·

504 4005 528 4042 “
542 3999 637 4064 soleri
652 4020 736 4063 enno
746 3998 863 4086 jubeat
876 3997 910 4062 in
926 4008 993 4078 loo.
1008 4008 1114 4082 partes
1132 3995 1242 4061 dividi.
1286 3995 1349 4061 Sed
1363 3996 1428 4061 hoc
1443 3996 1551 4063 modo·

503 4091 528 4143 t‘
540 4083 661 4149 lunaris
685 4084 804 4148 mensis
824 4083 917 4170 justo
940 4081 1045 4169 major
1069 4082 1178 4158 fuerit,
1202 4103 1330 4168 nempe·
1343 4082 1472 4147 dierum
1493 4097 1545 4162 39.

503 4177 527 4210 “
542 4167 613 4233 hor.
639 4176 687 4234 16.
741 4169 822 4234 ldeo
848 4156 1041 4244 mendosum
1066 4167 1153 4232 hunc
1177 4168 1210 4231 in
1237 4168 1428 4318 fragmentis
1455 4168 1550 4233 Afri:

497 4262 527 4329 ,“
540 4253 614 4320 cani
636 4253 746 4317 locum
769 4275 838 4319 esse
858 4252 1014 4340 suspicor.
1059 4255 1108 4317 Ex
1129 4276 1195 4353 quo
1216 4253 1275 4317 illu
1320 4250 1544 4334 nihilominus,

496 4347 525 4420 ,“
564 4335 629 4405 uod
644 4337 685 4402 sd
702 4337 890 4426 institutum
905 4339 981 4404 satis
996 4353 1059 4419 est,
1072 4339 1220 4404 efficitur.
1264 4338 1491 4420 Octaeteridis,
1505 4360 1550 4405 ex·

503 4427 547 4469 “⁸
576 4442 682 4503 orum,
703 4424 760 4509 qui
781 4424 835 4490 illo
855 4428 932 4494 dunt
948 4424 1009 4505 usi,
1032 4425 1201 4504 sententia,
1223 4446 1289 4488 non
1311 4445 1387 4488 eum
1410 4425 1551 4510 prrecue'

496 4519 526 4589 ,“
540 4510 675 4590 modum
684 4508 797 4590 fuisse,
810 4509 1032 4597 quipopulori
1046 4533 1108 4575 usu
1122 4532 1160 4575 ac
1175 4508 1332 4575 methodo
1346 4511 1549 4589 continetur‚·

499 4604 526 4676 Ξ(
539 4598 586 4663 ito
605 4609 646 4683 :ut
662 4596 781 4686 lunaris
800 4617 902 4677 eunus
916 4608 986 4663 354.
1007 4596 1163 4662 duntaxat
1185 4595 1254 4661 dies
1272 4594 1465 4683 colligeret:
1489 4594 1552 4661 κά·

497 4691 526 4755 .“
538 4682 733 4787 exactiorem
746 4702 853 4772 penes
871 4682 994 4780 peritos
1014 4681 1102 4752 illius
1121 4681 1316 4755 methodum
1329 4690 1552 4766 reservarunt·
