4092 5675
758 705 1151 822 ruamtiomun.
1430 751 1470 835 ος

479 910 515 977 P.
527 925 578 990 59.
594 912 616 976 l.
629 927 661 976 2.
682 914 796 999 roricus]
814 916 919 980 Abest
933 939 953 979 a
966 915 1043 979 MS.
1059 916 1198 1003 Norfolc.
1227 926 1257 980 el
1279 915 1366 994 mille
1387 917 1473 1003 dese·

432 1019 505 1146 irim
525 997 742 1146 pllrolarnenta.
764 1000 869 1087 Rafln.
911 1002 1015 1086 Supra
1035 1002 1075 1065 ad
1097 1003 1151 1067 lin.
1176 1018 1201 1067 1.
1222 1005 1297 1065 τοῦθ’
1319 1009 1472 1089 ὁμολογησ.

468 1105 499 1146 ιο
560 1130 569 1148 .

478 1100 564 1232 ibid.
579 1169 648 1244 1,.3.
669 1170 784 1244 πάντας
798 1173 931 1257 καρποὺς]
948 1171 1061 1247 πάντας
1075 1171 1126 1246 τοὶς
1140 1199 1168 1235 κ.
1184 1174 1261 1237 MS.
1278 1173 1392 1259 Norsol
1409 1222 1417 1237 .

477 1254 565 1320 Ibid.
581 1254 604 1319 l.
615 1272 648 1319 4.
669 1255 812 1341 βάπῖετας]
833 1258 1053 1344 Hieronymus
1076 1258 1108 1322 in
1131 1257 1292 1344 Catalogo
1315 1260 1401 1324 hunc
1423 1260 1472 1324 lo·

431 1361 510 1404 eum
524 1339 573 1404 ita
585 1341 690 1419 vertit,
704 1341 768 1404 Dic
781 1342 858 1406 mitt
873 1344 987 1407 crinem
991 1343 1088 1429 sacal
1101 1342 1282 1427 propheta?
1297 1344 1386 1408 stilio
1404 1367 1474 1410 ocu·

432 1424 480 1489 los
501 1423 603 1488 linit?
620 1426 774 1511 propbeta
792 1428 925 1492 aestibus
943 1440 974 1492 et
994 1431 1124 1515 gerara-is
1147 1433 1302 1493 ornatur?
1321 1431 1473 1516 propheta

432 1507 544 1576 tulela
566 1510 651 1575 ladit
671 1523 702 1576 et
725 1514 873 1577 tesseris?
891 1514 1042 1598 propheta
1053 1514 1168 1600 sinnas
1189 1515 1331 1599 accipit?
1357 1520 1473 1602 Longe

431 1596 583 1684 profecto
597 1597 778 1683 elegantius
792 1621 888 1684 quarn
907 1601 1050 1664 Rufinus.
1085 1600 1191 1663 Graeci
1206 1601 1312 1679 piolus
1325 1606 1372 1679 τὴν
1385 1603 1473 1687 &plna

431 1683 557 1760 dicunt,
573 1684 663 1769 quod
683 1684 790 1746 Latini
810 1686 913 1748 crines
935 1686 1059 1770 tingere
1078 1708 1134 1748 seu
1153 1687 1293 1749 rutilare.
1333 1688 1370 1751 ld
1386 1689 1473 1751 enirn

403 1765 411 1784 ⁸
431 1766 598 1854 praecipue
612 1767 784 1833 studebant
797 1784 963 1848 matronae,
976 1789 1011 1834 ut
1027 1772 1157 1835 rutilum
1174 1772 1326 1835 haberent
1341 1774 1473 1838 crinem.

432 1857 544 2006 ξω
568 1854 603 1917 in
629 1875 698 1918 rem
720 1855 827 1919 cinere
850 1856 956 1919 lixivio
980 1857 1162 1935 utebantur,
1185 1871 1222 1920 ut
1242 1858 1338 1922 docct
1361 1862 1473 1924 Varro.

512 1939 662 2004 monicus
675 1940 812 2010 Serenus
828 1941 869 2004 de
884 1941 1001 2026 capillo
1018 1942 1174 2028 tingendo
1189 1944 1234 2006 ita
1248 1944 1403 2031 praecipit.

518 2023 721 2089 Admittam
735 2026 865 2110 speciem
879 2027 1159 2113 nigrosflavescere
1173 2029 1270 2092 crines

523 2110 688 2198 Unguento
703 2110 824 2189 cineris,
840 2112 994 2197 praedicit
1011 2113 1133 2177 Tullios
1147 2126 1262 2177 auctor.

431 2196 520 2264 tude
534 2195 738 2282 Hesychium
754 2198 786 2260 in
801 2198 945 2280 ξανθίζειν.
967 2200 1175 2263 Vntssrus.
1214 2199 1370 2281 βαπῑῖξεταν
1388 2201 1473 2264 Gra-

413 2291 416 2296 '
430 2282 495 2348 teri
507 2283 614 2347 lectt.
627 2295 661 2346 et
675 2283 796 2369 Margo
811 2282 1015 2368 Exemplaris
1028 2286 1130 2347 Jones.
1154 2286 1323 2348 Srnora.

477 2368 563 2434 Ibid.
586 2367 729 2452 προφήτης
744 2366 819 2517 φῆ
832 2368 939 2432 Dicite
952 2368 1029 2432 milri
1043 2390 1125 2433 noso
1143 2369 1353 2453 prophetissae,
1369 2368 1474 2434 nultos

428 2453 650 2540 prophetantis
675 2453 856 2518 candorius
882 2465 912 2518 et
933 2453 1093 2518 ralorilas
1119 2454 1287 2540 aliqnando
1306 2456 1475 2542 jocatur?

429 2539 630 2623 prophetissa
642 2537 743 2603 stillis
755 2538 920 2626 tingitur?
939 2539 1131 2625 prophetissa
1146 2542 1332 2605 ornamentis
1346 2544 1474 2605 utitur?

432 2623 513 2711 suf.
534 2646 575 2690 ex
589 2646 655 2712 quo
712 2637 758 2688 tet
770 2647 846 2689 eum
859 2639 892 2689 et
906 2626 968 2690 hoc
984 2626 1058 2690 loco
1072 2625 1101 2689 le
1128 2626 1262 2704 isselsr
1293 2634 1379 2709 οῆτις,
1393 2642 1426 2691 at
1441 2629 1474 2692 in

431 2711 644 2798 sequentibus
688 2711 784 2776 abet:
803 2710 954 2795 propheta
968 2712 1009 2774 orl
1023 2647 1127 2774 taini

433 2793 514 2862 dit?
533 2795 687 2882 proptera
705 2796 868 2881 pecaniam
886 2818 974 2861 saara
996 2798 1038 2861 ad
1054 2820 1181 2862 asnrnnr
1195 2798 1281 2863 dat?
1304 2800 1474 2864 Sruorn.

433 2884 485 2948 At
498 2883 569 2951 sine
583 2882 774 2947 auctoritate
787 2884 923 2947 fortasse
937 2906 1072 2949 suorum
1087 2885 1237 2949 codicum
1252 2886 1387 2949 Rufinus
1401 2902 1475 2970 pro-

430 2968 607 3055 phetissam
630 2968 683 3032 hic
706 2968 826 3053 posuit.
872 2967 969 3033 Certe
984 2970 1216 3056 Hieronymus,
1231 2984 1269 3034 ut
1282 2971 1358 3049 dixi,
1373 2973 1474 3035 Nice-

433 3054 624 3141 phorusque
637 3053 807 3117 lectionem
822 3068 982 3139 receptam
998 3069 1138 3119 tuentur.
1179 3058 1277 3120 Porro
1292 3056 1475 3135 videndum,

433 3160 544 3205 annon
558 3139 601 3205 ad
616 3138 732 3203 molles
746 3139 823 3203 istas
836 3154 933 3225 atque
947 3141 1157 3205 effoeminatas
1170 3142 1319 3206 Montani
1331 3156 1413 3206 artes
1427 3142 1475 3206 al-

433 3225 564 3291 luderet
579 3226 801 3311 Hieronymus
816 3224 847 3288 in
863 3224 1010 3310 Epistola
1030 3227 1072 3289 ad
1089 3227 1291 3306 Marcellam,
1307 3230 1366 3312 Ep.
1382 3228 1474 3291 xxvii.

426 3310 482 3375 al.
492 3324 543 3375 st.
557 3334 634 3375 cum
649 3309 815 3375 abscissam
829 3331 904 3374 eum
919 3311 1095 3396 appellaret
1105 3324 1138 3375 et
1151 3312 1343 3389 semivirurn3
1360 3334 1475 3398 quam-

428 3396 484 3461 .vis
504 3396 732 3461 Benedictinus
754 3396 859 3460 editor
880 3396 922 3460 ad
945 3396 1055 3460 locum
1078 3399 1243 3476 notaverit,
1263 3398 1307 3460 ita
1325 3411 1476 3461 vocatum

434 3502 513 3547 eum
530 3482 608 3569 quia
625 3481 803 3546 Montanus
819 3494 918 3546 erate
934 3482 1085 3568 Phrygia,
1099 3483 1155 3547 ubi
1171 3482 1311 3570 Cybeles
1326 3484 1476 3547 sacerdo·

435 3582 488 3633 tes
500 3567 634 3633 castrari
649 3567 806 3632 solebant.
850 3569 967 3654 Neque
988 3568 1021 3632 id
1044 3571 1257 3654 ἀπροοδιονύσως
1277 3569 1475 3633 animadver-

425 3674 512 3727 ,sum
530 3664 593 3734 est,
613 3675 753 3739 namque
772 3653 804 3717 in
821 3653 904 3718 libro
918 3654 969 3718 De
984 3654 1149 3732 Trinitate,
1169 3655 1315 3742 Didymo
1335 3656 1477 3719 Alexan·

421 3738 533 3804 ,drino
548 3761 646 3825 quem
660 3739 857 3816 adscribunt,
871 3754 946 3803 ante
968 3761 1069 3805 annos
1090 3740 1216 3804 circiter
1236 3740 1370 3826 triginta
1390 3739 1476 3824 apud

436 3825 541 3889 Italos
556 3824 662 3909 primo
679 3823 813 3903 editum,
827 3824 868 3889 de
890 3826 1051 3890 Montano
1073 3825 1228 3910 scriptum
1250 3824 1313 3890 hoc
1334 3825 1476 3903 inveni0;

422 3914 527 3974 ,Μντᾶ
549 3914 598 3988 τὴν
620 3909 760 3988 ἀνάληψιν
781 3915 830 3973 τοῦ
853 3909 980 3996 Σωτῆρος
1002 3911 1050 3974 καὶ
1073 3915 1121 3989 τὴν
1145 3910 1310 3993 interimant
1334 3915 1370 3974 ri
1394 3909 1476 3993 ἁγίου

422 3996 601 4078 ,πνεύματος
615 3994 732 4072 aliosi
746 4000 821 4078 μετὰ
840 3995 937 4058 ἕκατον
958 3995 1002 4073 ἔτη
1022 3995 1164 4081 γενόμενος
1178 3998 1258 4083 ἱερεὺς
1272 4005 1385 4083 πρῶτον
1398 3995 1475 4059 silai-

435 4094 501 4167 λον,
515 4082 565 4145 καὶ
586 4079 657 4143 οὕτω
678 4084 725 4158 τὴν
746 4085 849 4162 τυφλὴν
869 4080 970 4159 ταύτην
987 4081 1202 4167 εἰσηγησάμενος
1224 4082 1338 4169 αἵρεσιν.
1360 4082 1416 4146 lib.
1432 4082 1477 4145 iii.

421 4188 511 4253 esp.
526 4165 651 4253 penult.
664 4186 697 4250 p.
705 4178 776 4244 449.
789 4167 844 4230 ubi
858 4166 900 4230 cl.
915 4167 1152 4252 Mingarellius.
1174 4169 1403 4233 “Montanum
1417 4168 1478 4233 Di·

420 4252 596 4337 .“·dymus
624 4249 704 4315 idoli
732 4251 930 4315 sacerdotem
962 4265 1066 4332 vocat,
1090 4253 1313 4338 Hieronymus
1342 4276 1417 4317 vero
1445 4253 1478 4316 in

437 4343 463 4377 “
476 4338 581 4424 Epist.
592 4337 647 4401 xli.
660 4335 700 4400 ad
714 4337 903 4401 Marcellam
918 4336 1086 4401 alsrisnrm
1095 4350 1125 4402 et
1137 4338 1323 4403 semivirum.
1338 4338 1478 4404 Videtur

437 4430 511 4488 “er
536 4444 558 4487 o
579 4423 677 4487 fuisse
696 4421 844 4486 sacerdos
867 4422 1017 4509 Cybeles,
1035 4446 1108 4509 quae
1126 4424 1159 4487 in
1181 4424 1320 4511 Phrygia
1339 4423 1478 4485 maxime

438 4514 462 4548 “
475 4445 666 4587 coiebatur3
688 4519 723 4571 et
744 4507 902 4592 spadones
924 4508 1063 4572 habebat
1085 4508 1298 4572 sacerdotes.’'
1341 4509 1391 4571 Ita
1412 4507 1477 4584 ille,

436 4608 472 4659 et
492 4595 620 4680 optime
644 4594 690 4656 sie
714 4594 918 4658 convenirent
943 4616 1018 4657 curn
1046 4594 1143 4679 hujus
1166 4594 1287 4657 ordinis
1312 4593 1478 4658 sacerdote

435 4680 624 4767 magonicae
638 4692 733 4758 artes,
746 4701 883 4766 quarum
900 4679 1100 4771 'mentionem
1117 4679 1193 4743 facit
1209 4679 1272 4759 hoc
1286 4678 1359 4743 loco
1374 4677 1478 4763 Apol·

937 4784 957 4827 Ρ
969 4778 990 4826 2

1114 2735 1164 2774 ara
1180 2721 1244 2776 eta
1281 2724 1408 2777 tesseras
1424 2712 1437 2776 l
1460 2748 1473 2762 -
1544 2753 1549 2764 .
