4092 5675
825 756 1166 824 Anuxuuoeu.
1469 767 1513 842 37

535 928 542 976 l
556 929 689 989 Eusebius
703 934 739 989 vi.
751 931 800 991 39.
815 934 850 1012 egi
865 931 887 990 δ’
899 930 1057 1012 Ἀλιξάνδςῳ
1071 932 1264 1012 παραπλησίως
1279 934 1301 988 is
1319 928 1467 1008 Ἀντωχιίᾳ
1478 935 1514 988 τῦ

507 1028 590 1092 deiide
599 1032 669 1110 μιτῶ
682 1031 726 1098 'rire
740 1039 877 1111 ὁμολογίαν
894 1041 916 1094 ir
929 1034 1088 1116 duopmngiqr
1106 1034 1331 1108 μιταλλᾶξαιτος.
1366 1032 1513 1109 Hierony-

504 1155 550 1195 nus
564 1159 643 1219 supra
659 1160 721 1219 cup.
736 1142 785 1200 54.
806 1150 833 1200 et
853 1144 1008 1199 Alexander
1028 1143 1197 1217 Babylosque
1217 1143 1464 1216 Heerosolynrorrem
1485 1148 1513 1197 et

504 1244 648 1304 runcone
670 1248 787 1304 ecclesie
810 1249 955 1326 Pontifices
976 1251 1004 1304 io
1027 1266 1133 1305 earcere
1150 1267 1203 1323 pro
1224 1242 1388 1324 confessione
1411 1247 1513 1305 cursu

503 1352 641 1412 dormierint.
681 1354 790 1411 Mirum
812 1363 856 1411 est
874 1354 910 1411 ab
931 1353 1112 1430 Hieronymo
1126 1373 1185 1409 non
1199 1353 1335 1410 celebrari
1354 1353 1511 1411 bibliothe-

502 1460 585 1517 camin
596 1459 677 1518 AElia
696 1460 767 1517 urbe
787 1460 824 1517 ab
843 1460 899 1517 hoe
911 1459 1077 1517 Alexandro
1098 1459 1278 1525 instructam,
1293 1478 1328 1515 ex
1346 1479 1403 1535 que
1420 1458 1511 1537 pluri·

500 1577 559 1618 mum
577 1562 730 1639 profecisse
748 1581 779 1619 se
799 1562 835 1619 ad
856 1563 1006 1619 historiam
1027 1581 1107 1619 susm
1128 1563 1354 1639 componendam
1374 1563 1511 1639 praedicat

499 1664 614 1725 Eusebius
628 1669 664 1726 vi.
677 1667 726 1725 20.
747 1667 928 1726 Fuunrcuus.

532 1766 542 1807 ἶ
557 1772 616 1840 Sed,
630 1783 664 1830 ut
677 1772 751 1829 bene
765 1773 877 1830 notavit
891 1771 926 1830 el.
941 1771 1054 1829 Keilius
1069 1772 1105 1829 nd
1117 1791 1254 1850 nuperum
1266 1773 1332 1830 edit.
1345 1774 1512 1831 Fabricium

499 1874 553 1932 sul.
568 1878 611 1934 Gr.
624 1886 697 1936 tom.
708 1878 756 1935 vii.
771 1898 799 1956 p.
811 1877 881 1939 287.
895 1897 955 1935 non
968 1879 1083 1954 quidem
1096 1877 1223 1936 violenta
1241 1897 1311 1934 nece
1330 1879 1510 1945 interemtus,

498 1978 571 2037 sedin
584 2000 695 2039 earcere
711 1992 818 2050 temen,
833 1984 863 2038 in
877 2002 962 2059 quem
976 1982 1013 2039 ob
1029 1982 1175 2059 religionis
1195 1982 1402 2061 professionem
1415 1983 1511 2041 fuerat

498 2083 632 2162 conjectus,
646 2096 788 2155 mortuus,
803 2097 836 2143 ut
851 2088 956 2145 diserte
971 2089 1090 2146 tradunt
1102 2089 1260 2166 Dionysius
1273 2090 1358 2149 Alex.
1372 2093 1402 2148 in
1417 2094 1510 2168 Epist.

497 2189 676 2249 udComelium
696 2192 773 2269 apud
792 2191 899 2250 Euseb.
920 2193 959 2250 H.
974 2193 1009 2249 E.
1024 2194 1063 2250 ri.
1077 2194 1126 2251 46.
1147 2203 1177 2250 et
1196 2194 1338 2251 Eusebius
1359 2197 1419 2275 ipse
1440 2200 1509 2259 ibid.

497 2310 547 2369 cap.
560 2298 603 2355 39.
636 2296 720 2355 Adde
742 2295 954 2374 Hieronymum
977 2296 1071 2375 ipsum
1094 2296 1182 2353 modo
1205 2317 1223 2355 u
1244 2297 1378 2356 Fabricio
1402 2302 1510 2359 adduc·

496 2406 553 2461 tun.
