4092 5675
509 768 573 853 49⁶
844 765 1204 840 snuoranours

557 940 591 1002 Ρ.
602 948 672 1012 475.
686 936 711 1002 l.
727 951 776 1015 19.
795 938 835 1002 ‘0
852 937 1020 1024 φαινόμενος]
1038 940 1087 1004 Ex
1100 939 1175 1004 MS.
1192 937 1316 1004 Codice
1331 935 1464 1016 Leontii
1481 941 1542 1029 By·

511 1023 630 1089 zantini
645 1022 759 1086 Graece
773 1021 843 1088 haec
856 1022 1052 1110 deprompsi.
1095 1024 1229 1091 Latinus
1249 1025 1374 1091 interes
1393 1025 1542 1112 interpres

511 1124 585 1195 post
600 1108 687 1195 prius
702 1107 781 1173 illud
796 1109 1011 1194 fragmentum
1028 1108 1161 1174 allatum
1177 1132 1286 1176 vocem
1303 1112 1462 1195 Ejusdem
1475 1112 1541 1176 huic

510 1196 585 1281 ρἦο
600 1194 760 1279 praefixam
775 1193 882 1274 habet,
896 1195 1047 1262 Baluzitu
1061 1208 1172 1262 autem
1185 1196 1283 1276 istud,
1294 1197 1342 1261 Et
1355 1196 1540 1282 paulopost,

510 1279 578 1367 qui,
596 1292 631 1344 ut
639 1278 708 1368 jam
724 1280 801 1358 dixi,
816 1280 930 1345 exalia
945 1282 1072 1346 Leontii
1082 1296 1174 1367 parte
1188 1281 1259 1360 hore
1274 1282 1458 1368 descripsit.

555 1365 638 1430 lbid.
655 1365 676 1428 l.
687 1381 737 1429 21.
760 1369 848 1426 Extat
861 1368 918 1425 hoc
931 1371 1006 1447 apud
1020 1369 1174 1426 Leontium
1190 1369 1254 1451 dio]
1273 1366 1367 1432 Dum
1386 1368 1451 1446 alia
1468 1390 1540 1433 non·

510 1451 599 1518 nulla
613 1451 748 1539 hujusce
765 1449 852 1516 Pauli
866 1451 960 1515 effata
974 1452 1149 1515 afferuntur·
1162 1451 1195 1516 in
1212 1453 1445 1528 Contestotr'one
1456 1451 1540 1531 Cleri,

510 1561 582 1623 quae
594 1560 689 1623 snpra
703 1537 866 1602 nominata
875 1550 934 1614 est,
948 1536 1011 1601 sive
1022 1538 1055 1601 in
1067 1535 1250 1601 Testimorrio
1262 1538 1350 1624 apud
1362 1538 1540 1616 leontium,

508 1638 578 1688 tum
596 1645 670 1687 vero
685 1637 760 1688 sunt
777 1623 840 1687 alia
859 1637 1012 1708 praterea
1028 1622 1117 1687 l'auli
1131 1622 1172 1685 ab
1186 1623 1301 1688 eodem
1317 1625 1459 1689 Leontio
1472 1624 1540 1690 alibi
1578 1705 1580 1712 Ι

508 1722 771 1787 commemorata,
786 1708 842 1772 sed
857 1708 985 1772 aliunde
1000 1707 1132 1773 forsitan
1146 1706 1328 1795 desumpta.
1360 1708 1450 1776 Cum
1464 1710 1539 1776 enim

508 1794 541 1858 in
558 1794 685 1880 reliquis
701 1794 750 1857 his
764 1793 960 1858 adducendis
975 1817 1040 1857 non
1055 1794 1220 1879 signentur
1234 1794 1308 1860 libri
1325 1795 1428 1874 Pauli,
1442 1818 1461 1860 e
1475 1794 1538 1883 qui-

508 1880 570 1944 bus
591 1902 628 1942 ea
647 1879 785 1943 collecta
805 1880 939 1956 inerant,
959 1879 991 1942 in
1013 1895 1115 1956 textu,
1134 1902 1232 1965 quem
1250 1895 1379 1960 vocant,
1402 1880 1473 1967 ipra
1491 1880 1540 1953 ills

508 1963 666 2029 collocare
679 1965 768 2029 nolui
781 1981 833 2028 tan
859 1986 932 2028 uam
944 1964 985 2028 ad
999 1964 1184 2030 Concilium
1194 1965 1439 2036 Antiochenurn
1452 1967 1540 2053 perti·

508 2050 631 2127 nentia3
654 2049 710 2113 sed
726 2050 834 2115 omnia
871 2072 910 2113 oo
925 2050 999 2114 loco
1013 2050 1095 2114 inter
1109 2071 1144 2114 se
1156 2050 1333 2136 digerenda
1346 2053 1469 2128 curavi,
1481 2073 1539 2138 qno

507 2136 611 2222 major
625 2135 680 2200 lux
691 2136 859 2221 affulgeret
870 2151 937 2200 tum
953 2135 1042 2200 Pauli
1054 2136 1269 2221 opinionibus
1281 2137 1322 2201 de
1333 2138 1453 2223 quibus
1466 2136 1538 2203 varie

507 2222 706 2307 disputatum
729 2240 790 2299 est,
812 2237 878 2286 tum
905 2222 1093 2306 fragmentis
1119 2221 1248 2308 insuper
1270 2246 1345 2309 quae
1369 2238 1538 2310 sequuntur

507 2307 703 2374 Malchionis
718 2307 937 2394 Epistolaeque
952 2306 1233 2372 Antiochensium.

540 2509 637 2577 Pauli
653 2512 845 2577 Somosuteni
861 2511 1032 2577 Sentortioe
1046 2512 1191 2598 quaednm
1206 2535 1246 2577 ex
1261 2511 1373 2576 Codice
1386 2511 1507 2578 Leontii

844 2598 1012 2662 Bodleiano
1027 2598 1209 2685 desumptus.
1400 2615 1402 2619 '

543 2730 704 2817 Ἄνθρωπος
715 2730 837 2817 χρίει-ογ·
861 2736 874 2793 ὀ
888 2730 981 2815 Λόγος
995 2735 1024 2794 ori
1036 2731 1159 2817 χρίετογ.
1192 2734 1231 2795 Ὀ
1243 2733 1412 2828 Ναζωραῖος
1421 2732 1537 2821 χρίεται,

506 2824 519 2880 ὁ
537 2817 637 2903 Κύριος
656 2825 740 2899 ἡμῶν.
773 2818 895 2901 (Habet
908 2818 1044 2883 latinus
1059 2818 1225 2902 interpres,
1240 2818 1398 2882 Dominus
1412 2843 1473 2885 non
1486 2841 1537 2883 un·

503 2901 616 2988 gitur.)
653 2904 700 2965 noti
713 2907 770 2989 γοὶρ
786 2909 798 2966 ὁ
812 2902 903 2986 Λόγος
916 2903 1017 2984 μείζων
1030 2903 1059 2980 ἦν
1073 2912 1121 2967 τοῦ
1135 2907 1230 2989 xpm?
1245 2904 1423 3010 (Interpres
1437 2904 1537 2983 habet,

506 2988 642 3052 Domino
657 2986 789 3069 Citrislo)
805 3012 813 3066 3
836 2989 939 3075 Χςοςός
953 2993 1010 3074 γὰρ
1025 2991 1069 3051 διὰ
1083 2990 1181 3071 σοφίας
1194 2987 1288 3073 μέγας
1308 2991 1431 3073 ἐγενετο.
1452 2989 1538 3074 Λόγος

504 3075 554 3155 μὲν
568 3078 626 3160 γοὶς
641 3072 752 3137 dionisi·
774 3075 878 3151 Ἰησοῦς
898 3075 924 3136 δὲ
943 3072 1045 3158 Χροςδς
1060 3071 1114 3137 ἄνθ
1131 3100 1200 3148 οοοοος
1215 3079 1349 3138 ἐντεῦθεν.
1374 3077 1472 3163 (Quae
1487 3075 1537 3141 ad·

503 3161 569 3224 huc
589 3159 725 3225 excitata
739 3173 825 3238 sunt,
840 3161 928 3224 solus
943 3159 1099 3225 Leontius
1113 3101 1230 3236 iuben
1254 3172 1384 3236 caetera,
1400 3185 1474 3248 qure
1492 3183 1540 3226 sc·

504 3259 657 3331 quuntur,
681 3247 714 3310 in
742 3246 969 3310 Contestntione
992 3267 1122 3332 quoque
1144 3245 1186 3310 od
1212 3244 1335 3309 clerum
1362 3246 1430 3310 ΟΡ.
1458 3245 1542 3332 apud·

507 3331 644 3396 Concilio
667 3344 785 3396 extant.
828 3331 1026 3395 Aduerbium
1051 3331 1170 3394 interea
1190 3334 1311 3415 iussisti
1331 3332 1420 3418 apud
1443 3334 1538 3396 Euse-

502 3419 592 3483 bium
608 3419 639 3480 in
657 3417 850 3482 Ononrostico
865 3417 992 3482 Urbium
1007 3439 1084 3481 voce
1098 3416 1237 3499 Σοφοροὶ,
1248 3430 1281 3480 et
1295 3417 1328 3481 in
1348 3417 1433 3483 Petri
1445 3418 1539 3482 Alex·

504 3505 627 3567 andrini
645 3506 766 3567 Conone
783 3504 825 3579 X,
842 3503 898 3567 ubi
916 3525 1003 3566 mors
1023 3503 1204 3588 appellatur
1221 3509 1246 3579 ἡ,
1257 3507 1379 3566 ἐντεῦθεν
1397 3504 1540 3581 ἀνάλυσις,

504 3589 599 3653 simili
623 3612 697 3653 cum
720 3588 952 3674 significatione
975 3587 1156 3653 adhibitum
1179 3587 1308 3668 videas3
1336 3611 1429 3654 cons.
1452 3605 1486 3654 et
1507 3586 1538 3659 S,

503 3678 595 3740 Jooo.
610 3675 693 3739 xviii.
705 3674 933 3738 36.—Paulurn
954 3673 1047 3757 λέγειν
1067 3675 1172 3749 Ἰησοῦν
1191 3676 1294 3760 Χροςὸο
1316 3675 1457 3753 κάτωθεν,
1477 3688 1538 3739 tra·
1573 3718 1577 3725 -

504 3763 586 3825 dunt
601 3760 711 3825 itidem
726 3759 924 3824 Antiocheni
937 3759 969 3822 in
982 3757 1140 3843 Epistolae
1154 3777 1256 3845 parte,
1270 3781 1368 3845 quam
1381 3759 1538 3827 Eusebius

502 3848 654 3924 servavit3
678 3846 717 3910 de
734 3869 799 3932 quo
814 3859 922 3909 tanren
936 3844 1082 3909 Domino
1096 3847 1116 3910 J
1118 3867 1185 3923 esu,
1200 3859 1238 3909 ut
1251 3845 1357 3932 obiter
1370 3845 1403 3910 id
1421 3859 1538 3925 notem,

502 3933 633 3997 habeta
656 3932 779 3996 ostolus
794 3932 934 3996 Joannes
958 3937 971 3992 ὁ
991 3936 1022 3993 ἐκ
1043 3938 1091 3994 τοῦ
1112 3933 1200 4017 §parri
1221 3927 1361 4017 κατάόας.
1383 3933 1479 3999 Joon.
1495 3931 1536 3997 iii.

504 4033 551 4081 13.
595 3954 794 4082 Aduerbium
809 4040 939 4102 quoque
957 4020 1032 4103 irrigo
1047 4016 1187 4080 cundem
1208 4037 1334 4080 sensum
1358 4030 1459 4104 atque
1477 4017 1537 4082 hoc

501 4105 575 4168 loco
595 4107 716 4167 ἐντεῦθεν
733 4101 809 4166 alibi
829 4103 950 4184 habet.)
988 4101 1091 4187 Μαρία
1112 4104 1157 4164 τὸν
1178 4101 1271 4187 Λόγον
1293 4105 1341 4164 οὐκ
1364 4100 1468 4182 ἔτεκον,
1483 4103 1536 4167 otti

501 4191 558 4276 γὰρ
574 4187 604 4264 ἦν
619 4193 676 4274 πρὸ
693 4189 795 4252 αἰώνων
809 4195 825 4266 ἡ
841 4187 952 4274 Μαρία.
982 4187 1086 4274 Μαρία
1107 4185 1152 4250 rio
1171 4187 1263 4294 Λόγον
1282 4186 1442 4265 ὑπεδέξατο·
1467 4189 1536 4269 (for.

500 4274 630 4358 legend.
646 4278 700 4358 οὐχ
721 4272 879 4353 ὑπεδέξατο)
898 4274 944 4336 καὶ
959 4277 1008 4335 οὐκ
1021 4275 1063 4345 ira
1078 4271 1259 4359 πρεσὲοτερα
1272 4279 1321 4336 τοῦ
1335 4272 1445 4358 Λόγου,
1460 4275 1536 4337 ἀλλὰ

500 4359 640 4446 ἄνθρωπον
661 4363 722 4438 ἡμῖν
743 4359 802 4422 ἶσον
825 4359 924 4421 ἔτεκεν·
954 4357 1086 4442 spuitione
1109 4359 1136 4422 δὲ
1159 4362 1236 4421 narni
1260 4358 1374 4436 odora,
1397 4362 1485 4436 ἐπειδὴ
1506 4363 1536 4423 ἔκ

500 4447 660 4527 πνεύματος
677 4443 760 4530 ἁγίου
780 4446 827 4508 καὶ
846 4447 877 4523 ἐξ
893 4442 1059 4529 ἓπαγΓελοῶν
1080 4444 1102 4529 ’i
1126 4447 1157 4506 in
1176 4451 1229 4507 τῶν
1248 4442 1453 4528 γεγραμμένων
1466 4452 1481 4522 ἡ
1496 4444 1535 4507 ἐπ’

499 4536 576 4615 αὐτῷ
587 4531 685 4618 χάρις.
728 4531 803 4612 (His
818 4542 925 4594 nutem
942 4529 1077 4614 singulis
1094 4528 1259 4593 sententiis
1272 4527 1447 4616 subjuncta
1461 4537 1535 4608 esti
1575 4589 1578 4600 ,

499 4623 585 4702 ῥῆσις,
601 4639 696 4702 qnam
716 4617 749 4680 in
771 4629 863 4681 textu
881 4617 1017 4700 primam
1040 4614 1194 4679 collocavi
1214 4627 1365 4700 tanquam
1388 4635 1428 4697 etr
1449 4614 1534 4683 Pauli

499 4703 730 4789 Disputationo
754 4715 936 4789 sumpturn3
964 4699 1077 4766 deiude
1097 4700 1242 4788 positum
1265 4714 1316 4771 est
1335 4699 1425 4799 istutl
1450 4698 1534 4790 quod
