4092 5675
551 1166 600 1266 S.
639 1167 1052 1271 DlONYSIUS
1097 1172 1306 1273 ALEX.

796 1450 1064 1494 ...φ-

485 1635 524 1710 8.
541 1634 820 1731 Hrnuoumrus,
839 1636 923 1714 Lib.
942 1641 1005 1714 De
1026 1642 1133 1716 Varis
1150 1641 1373 1734 Illustribuc,

736 1796 815 1871 cap.
828 1772 918 1845 lxix.
941 1798 1023 1873 pag.
1041 1785 1123 1848 153.

408 1901 717 2018 DIONYSIUS
737 1945 1023 2021 ‘Alexandrinae
1046 1948 1147 2021 urbis
1166 1948 1357 2048 episcopus
1380 1949 1453 2022 sub

410 2065 570 2141 Heracle
595 2064 787 2141 bscholam
812 2072 1007 2167 κατηχήσεων
1033 2071 1225 2171 presbyter
1253 2071 1384 2161 tenuit,
1411 2052 1479 2143 et*

410 2190 584 2291 origenis
602 2190 706 2264 valde
727 2191 882 2289 insignis
905 2179 1051 2266 auditor
1066 2192 1329 2267 fuit—md
1346 2192 1451 2266 Basi-

410 2312 524 2388 lidem
547 2337 693 2412 quoque
715 2314 843 2388 multae
868 2314 1161 2414 epistola—⁴
1173 2314 1335 2390 Moritur
1359 2314 1450 2389 duo-

411 2434 557 2513 decimo
574 2436 734 2515 Gallieni
752 2464 850 2511 anno
869 2437 957 2536 (An.
975 2438 1046 2512 ch.
1066 2436 1168 2536 264.)

366 2717 375 2729 ,
449 2668 465 2700 ⁸
484 2658 618 2720 Heraclae
639 2681 786 2721 successor
805 2664 843 2721 A.
859 2664 927 2722 248.
948 2662 1076 2742 Philippi
1096 2664 1194 2721 tertio.
1226 2662 1334 2722 Euseb.
1348 2664 1386 2721 vi.
1399 2665 1449 2723 35.

411 2768 503 2850 Tgiror
523 2765 548 2825 dl
564 2769 644 2847 τούτῳ
664 2768 719 2835 ἴτυς
736 2764 774 2838 ir,
794 2766 856 2827 καθ’
877 2767 891 2826 ‘d
907 2769 1125 2845 μεταλλάξαντος
1139 2764 1261 2848 Ἠςακλῖι
1278 2768 1320 2827 sir
1339 2767 1453 2837 Biorioel

411 2870 550 2934 iunium
571 2873 639 2931 irrui
660 2877 705 2941 ris
723 2875 882 2953 σςοςασίας,
904 2879 952 2933 ro'ir
972 2871 1033 2933 κατ’
1050 2871 1244 2953 Ἀλεξάνδρειαν
1258 2877 1393 2938 intineris
1408 2872 1454 2939 sir

411 2973 558 3041 irmooeir
571 2978 703 3044 Διονύσιος
718 2975 905 3052 cimmerius.
925 2977 1108 3036 FABRICIUS.

451 3079 468 3120 b
484 3082 629 3140 Eusebius
639 3083 677 3139 ri.
689 3083 736 3142 29.
752 3101 816 3139 cum
830 3082 949 3139 dixisset
964 3081 1121 3139 Heraclam
1135 3101 1171 3139 ex
1184 3084 1333 3140 catecheta
1345 3082 1456 3142 factum

412 3187 583 3266 episcopum
597 3185 825 3243 Alexandrinum
840 3185 871 3241 in
889 3183 986 3242 locum
1003 3184 1157 3252 Demetrii,
1173 3184 1340 3262 subjungit:
1364 3192 1410 3254 τῆς
1429 3185 1455 3247 u

412 3297 462 3353 νῦν
478 3289 575 3350 αὐτόθι
588 3290 756 3367 κατηχήσεως
769 3287 814 3352 riu
828 3285 959 3368 daveidis
973 3285 1126 3364 diadixrras
1140 3291 1275 3355 Διοιυσίος·
1297 3291 1332 3356 sie
1350 3290 1396 3348 nol
1412 3290 1454 3350 oal-

413 3418 456 3462 τις
468 3401 520 3454 τῧι
533 3393 679 3475 Ὠςιγίνους
692 3396 816 3469 γινόμενος
829 3399 961 3468 porraceis.
991 3391 1113 3450 Factum
1125 3393 1182 3451 hoc
1195 3392 1272 3450 circa
1284 3393 1322 3451 A.
1336 3394 1370 3451 C.
1384 3395 1454 3454 231.

413 3497 597 3558 Fasnrcrus.

456 3613 470 3642 ⁶
491 3603 620 3661 Plurima
633 3613 701 3661 ante
714 3612 923 3661 memoraverat
943 3602 1138 3680 Hieronymus
1160 3603 1341 3681 Dionysiana
1354 3622 1453 3681 opera,

413 3726 541 3787 quorum
553 3707 717 3784 fragmenta
729 3717 844 3766 tantum
858 3707 934 3787 apud
950 3707 1109 3766 Eusebium
1122 3709 1314 3766 Athanasium
1327 3707 1456 3788 aliosque

417 3814 571 3892 scriptores
586 3821 747 3890 supersunt.

457 3915 472 3953 ‘¹
493 3922 516 3950 “
528 3915 600 3973 Non
618 3917 753 3973 inmerito
772 3922 858 3974 sane'’
881 3918 937 3993 (ait
955 3915 1116 3974 Ruinartus
1130 3920 1193 3975 Act.
1212 3918 1371 3993 Martyrum
1390 3920 1455 3978 Sirr-
1533 3916 1535 3923 ’

419 4024 496 4090 ceris,
511 4025 577 4099 pag.
591 4019 671 4095 176.)
689 4021 865 4098 “Dionysio
885 4021 1068 4079 Alexandriae
1090 4024 1236 4100 episcopo,
1256 4016 1345 4099 quem¹
1362 4023 1457 4082 Greci

421 4133 442 4159 “
455 4134 551 4205 patres
582 4124 726 4201 Magnum
757 4125 931 4203 Dionysium
958 4125 1115 4205 appellant,
1139 4126 1219 4185 locus
1246 4128 1322 4185 iuter
1349 4129 1458 4186 Christi
1489 4158 1491 4160 .
1611 4140 1613 4145 .

422 4237 442 4265 “
455 4229 601 4307 Martyres
616 4230 792 4288 conceditur.
820 4231 958 4292 Quamvis
972 4231 1050 4288 enim
1062 4242 1278 4311 persecutorum
1291 4233 1387 4310 gladio
1397 4252 1458 4290 uon

422 4342 443 4369 “
457 4334 643 4406 occubuerit3
666 4335 711 4392 bis
732 4344 830 4393 tamen
845 4355 899 4414 pro
915 4336 1081 4394 Christiana
1099 4337 1154 4394 fide
1173 4327 1282 4407 tentus,
1296 4339 1369 4395 etin
1383 4337 1458 4393 exsi-

422 4448 443 4475 “
456 4440 527 4499 lium
541 4450 623 4499 actus
636 4440 703 4509 fuit,
717 4451 803 4518 atque
816 4443 933 4498 nonnisi
946 4451 1013 4519 post
1026 4443 1157 4518 ingentes
1171 4452 1321 4521 superatos
1334 4440 1458 4508 labores,

423 4547 693 4623 “calamitatesque
709 4546 748 4604 ob
765 4546 828 4603 fidel
846 4545 1017 4602 Christiane
1039 4545 1251 4603 confessionem
1272 4545 1374 4621 sapius
1393 4562 1458 4621 per·

423 4659 445 4687 “
457 4672 555 4734 passas
579 4654 669 4712 vitam
691 4651 775 4712 finiit.
817 4651 901 4710 Unde
925 4671 944 4710 a
966 4649 1076 4709 Graecis
1098 4649 1151 4710 sub
1174 4648 1355 4729 Ἱερομάρτυρος
1373 4647 1461 4706 titulo
1522 4684 1526 4693 ·
