4092 5675
676 782 728 849 IN
750 781 983 848 SYNODUM
1005 780 1368 848 ANTIOCHENAM.
1476 801 1540 869 499

497 956 551 1036 γὴν
564 952 706 1039 διᾶςροφον
719 953 893 1042 ἑτεροδοξίαν·
917 952 1055 1039 ἐλέγχους
1075 979 1107 1016 τε
1127 955 1149 1041 'i
1170 954 1310 1041 ἑρσπῆσεις
1323 952 1356 1028 ἃς
1370 954 1442 1039 πρὸς
1458 955 1540 1018 atinio

500 1040 728 1117 ἇνακεκινῆκασν
752 1039 798 1114 uui
815 1040 853 1104 ἔτι
867 1041 914 1103 uio
928 1040 1030 1103 ortua
1044 1038 1103 1117 βίον
1116 1065 1147 1103 τε
1162 1041 1183 1126 oi,
1203 1041 1300 1126 τρόπον
1311 1043 1361 1104 τοῦ
1374 1042 1466 1125 ἀνδρὸς
1482 1042 1540 1118 ltu-

499 1125 640 1209 γούμενοι·
664 1129 695 1203 ἐξ
707 1123 742 1188 ὦν
755 1126 859 1207 μνήμης
875 1124 960 1189 ἕνεκεν
974 1133 1069 1200 καλῶς
1083 1124 1116 1188 ἂν
1131 1126 1191 1211 ἔχοι
1210 1125 1317 1199 ταύτας
1331 1130 1421 1190 αὐτῶν
1435 1127 1477 1188 lul
1491 1131 1540 1188 τοῦ

501 1212 641 1295 παρόντος
654 1214 769 1273 διελθεῖν
779 1217 831 1284 τὰς
845 1212 945 1291 φωνάς.
974 1211 1122 1287 Ἔαιςολή.
1144 1212 1349 1278 ΔΙΟΝΥΣΙΩ
1364 1212 1423 1275 dcc.
1463 1210 1538 1274 Om-

501 1317 556 1359 nes
572 1294 677 1394 itaqua
692 1295 725 1359 in
739 1318 834 1360 unum
847 1295 1029 1446 cougreioti
1043 1295 1210 1375 antistites,
1225 1319 1321 1360 unum
1331 1275 1373 1360 ix
1386 1295 1540 1360 communi

500 1392 655 1456 sententio
678 1381 721 1445 ad
746 1381 936 1468 Dionysium
988 1402 1109 1445 omouoe
1132 1381 1216 1446 urbis
1238 1382 1421 1467 episcopum,
1443 1392 1474 1446 et
1497 1382 1541 1445 od

500 1468 686 1530 Maximum
708 1466 958 1532 Alexandrinum
985 1467 1172 1551 seripserunt
1196 1467 1381 1553 epistolum.-
1411 1489 1540 1555 eamque

500 1553 544 1615 ud
557 1575 658 1616 omnes
670 1552 779 1616 deiude
788 1551 964 1638 provincius
979 1552 1238 1618 transmiserunt:
1262 1563 1328 1616 tum
1346 1563 1381 1616 ut
1401 1554 1539 1617 studium

500 1659 591 1701 suum
612 1660 649 1701 oc
669 1638 868 1725 diligentiam
889 1636 1026 1702 omnious
1047 1637 1261 1717 declararant,-
1283 1650 1349 1702 tum
1363 1649 1398 1701 ut
1413 1654 1538 1723 patuer-

499 1745 569 1786 sum
584 1722 681 1787 Pauli
694 1723 818 1810 dogma,
830 1722 1056 1809 confutationes
1070 1746 1190 1873 qquue
1203 1734 1233 1787 et
1248 1724 1469 1808 disputationes
1480 1725 1538 1789 od·

499 1831 605 1873 uersus
627 1808 717 1872 illum
739 1809 861 1873 liabitas
870 1836 884 1887 ,-
905 1820 1046 1873 cunctum
1070 1832 1108 1873 ue
1148 1809 1257 1873 ominis
1277 1810 1375 1875 vitum
1390 1832 1426 1873 oo
1441 1832 1539 1875 morea

499 1905 697 1978 exponerent.
742 1897 839 1959 Porro
867 1895 997 1979 ipsomet
1023 1832 1149 1958 illorum
1172 1895 1273 1973 nula,
1296 1896 1338 1959 ud
1346 1906 1538 2044 fcrpctuuon

495 1989 688 2064 posterorum
707 1980 887 2043 memorium
908 2004 967 2044 nou
988 1979 1212 2044 incommodum
1222 1981 1330 2065 facerit
1367 1981 1395 2044 ic
1409 1982 1538 2066 referret

497 2065 656 2151 Epistola.
679 2066 917 2144 DIONYSIO,
935 2067 996 2130 &a
1027 2065 1250 2151 Hieronymus
1267 2066 1375 2144 tradit,
1387 2081 1423 2131 ut
1437 2066 1539 2132 modo

496 2150 575 2229 dixi,
592 2151 813 2214 Malchionem
829 2151 910 2214 hano
925 2151 1094 2236 epistolam
1106 2172 1145 2213 ex
1160 2173 1295 2235 persona
1309 2151 1424 2238 synodi
1439 2153 1539 2238 scrip·

497 2236 588 2312 sisse,
603 2235 692 2323 quod
706 2236 839 2323 quidem
853 2251 984 2335 propter
998 2235 1218 2300 testimonium
1236 2237 1441 2323 Hieronymi,
1455 2238 1538 2303 veri-

497 2322 603 2386 simile
623 2335 684 2401 est,
704 2321 761 2385 sed
781 2322 822 2387 de
844 2345 878 2385 re
896 2321 969 2386 stlet
987 2320 1158 2386 Eusebius.
1204 2322 1352 2408 Opellam
1371 2345 1445 2387 vero
1464 2335 1539 2388 ante

497 2429 551 2471 me
565 2407 764 2485 Gallandius,
777 2409 892 2493 partim
906 2429 946 2471 ex
959 2406 1111 2484 Eusebio,
1147 2407 1239 2472 artim
1257 2430 1330 2472 vero
1345 2430 1384 2472 ex
1400 2409 1538 2473 Leontio

496 2493 679 2580 Byzantino
701 2507 875 2579 sumptam,
896 2506 987 2557 tomo
1010 2492 1055 2556 iii.
1079 2428 1283 2556 Biltiottoooe
1306 2516 1372 2557 suae
1396 2496 1464 2559 ΡΡ.
1488 2494 1538 2558 in·

496 2578 619 2666 scripto
643 2578 839 2643 Malchionis
865 2579 995 2642 nomine
1017 2600 1178 2642 unacum
1197 2579 1318 2643 Valesii
1341 2578 1425 2644 notis
1446 2579 1538 2667 adje-

497 2664 554 2728 cit.
600 2663 766 2729 Caeterum
783 2685 892 2729 vocem
914 2667 1062 2742 Ἐπιςολὴ,
1078 2685 1175 2750 quam
1201 2685 1240 2728 ex
1259 2664 1383 2749 scriptis
1399 2665 1465 2729 suis
1479 2687 1538 2730 co·

497 2749 624 2814 dicibus
640 2750 763 2814 addidit
777 2749 938 2829 Valesius,
952 2750 985 2813 in
1009 2749 1083 2813 Cod.
1106 2748 1203 2813 Sooil.
1227 2771 1284 2813 seu
1304 2749 1397 2814 Bodl.
1421 2751 1536 2816 inveni.

497 2835 706 2902 Praetermisit
727 2848 836 2900 autem
860 2835 1022 2900 Strothius
1043 2835 1076 2899 in
1098 2858 1219 2922 nupera
1239 2837 1369 2901 Eusebii
1384 2835 1537 2920 editione,

497 2944 538 2986 ne
563 2944 603 2986 ue
617 2934 704 2985 extat
717 2921 787 2985 haec
803 2925 939 3009 ἐπιγραφὴ
953 2922 986 2985 in
1001 2922 1079 2986 MS.
1097 2921 1238 3008 Norfolc.

539 2944 576 3071 l.
591 3019 662 3082 477.
684 3007 707 3070 l.
722 3014 753 3071 6.
781 3007 865 3085 πάσῃ
888 3016 921 3094 τῇ
944 3009 994 3071 ὑπὸ
1016 3009 1063 3071 τὸν
1086 3006 1193 3093 οὖρανδν
1219 3012 1357 3094 καθολικῇ
1384 3011 1535 3096 ἐκκλησίᾳ]

496 3093 579 3157 Orta
594 3093 728 3157 formose
742 3106 792 3157 est
811 3075 929 3157 usitata
948 3093 1018 3156 haec
1034 3083 1185 3171 formali,
1200 3116 1271 3177 quae
1286 3106 1373 3156 extat
1387 3109 1420 3159 et
1440 3118 1539 3181 supra

496 3178 538 3243 ad
558 3201 590 3264 p.
601 3191 673 3254 473.
692 3202 732 3242 ex
755 3178 887 3243 Paulino
904 3178 961 3242 illo
976 3180 1007 3240 in
1023 3176 1130 3260 Epist.
1147 3178 1190 3240 ud
1205 3176 1318 3241 Coloss.
1333 3178 1355 3241 i.
1367 3192 1417 3242 23.
1433 3185 1470 3242 τῦ
1491 3183 1537 3243 εὖ·

496 3263 716 3349 aylotso'oo-aoio
730 3262 914 3350 κηρυχθέντος
929 3268 955 3326 ἐν
967 3264 1044 3348 πάσῃ
1058 3267 1092 3347 τῇ
1108 3262 1196 3326 κτίσει
1212 3262 1261 3325 ὑπὸ
1276 3266 1322 3326 τὸν
1338 3262 1445 3347 tipuoo'o.

541 3349 624 3413 lbid.
646 3349 669 3412 l.
693 3364 722 3414 8.
749 3350 892 3433 Notitiae]
920 3350 1124 3430 Νικομαδιανὸς
1151 3345 1280 3411 Grutert'
1306 3360 1338 3411 et
1366 3348 1538 3414 Castelluut'

497 3433 619 3499 Codicis
634 3436 735 3498 Lectt.
757 3456 834 3499 mox
848 3437 1010 3516 Αἰμιλιανὸς
1024 3433 1072 3498 ed.
1086 3433 1194 3516 Supt.
1240 3436 1337 3497 Extat
1350 3457 1423 3498 vero
1438 3434 1537 3499 lectio

496 3523 629 3594 Αἲλιανὸς
648 3519 681 3584 in
702 3543 804 3606 marg.
824 3520 872 3583 ed.
900 3519 1012 3583 Geueu.
1030 3532 1063 3583 et
1081 3518 1255 3602 Cltristoplt.
1274 3518 1413 3583 Versioue
1436 3524 1482 3604 (et
1503 3520 1536 3587 in

494 3604 594 3671 codd.
609 3627 629 3669 a
642 3605 772 3670 Valesio
787 3606 868 3669 inira
883 3605 1096 3685 memoratis).
1141 3604 1205 3668 Sed
1224 3604 1319 3668 etiam
1340 3627 1378 3668 ex
1400 3604 1537 3670 lectione

498 3689 641 3769 aratori,
664 3712 720 3755 seu
740 3691 849 3755 codicis
868 3688 1022 3768 Palatini,
1042 3691 1255 3771 Νικομαδιανός,
1270 3704 1340 3754 orta
1354 3712 1392 3754 ex
1408 3691 1536 3756 duobus

497 3777 682 3842 nominibus
693 3775 822 3859 Νικόμας
834 3790 867 3840 et
878 3778 1017 3853 Αἰλιανός,
1029 3789 1118 3860 patet
1129 3775 1293 3841 librarium
1308 3777 1406 3840 istum
1419 3776 1536 3863 legisse

495 3861 638 3936 Αἰλιανός.
665 3862 835 3926 Sanoua.
880 3862 991 3925 Habet
1004 3859 1174 3945 Νικόμαχος
1189 3861 1266 3927 MS.
1282 3861 1421 3946 Norfolc.

541 3947 625 4012 lbid.
658 3948 801 4030 Αἰλιανός]
829 3949 991 4029 Αἰμιλιανὸς
1016 3946 1068 4010 ed.
1092 3945 1204 4032 Steph.
1249 3947 1288 4010 In
1309 3947 1421 4012 codice
1442 3948 1535 4012 Mau.

498 4036 523 4098 F
525 4034 581 4097 uk.
598 4034 670 4096 Sav.
685 4044 719 4095 et
734 4031 826 4096 Med.
840 4033 972 4107 Αἰλιανός
992 4031 1123 4117 legitur.
1167 4031 1300 4096 Rufinus
1321 4055 1452 4118 quoque
1474 4034 1535 4098 AE·

496 4119 620 4184 lianum
636 4130 740 4195 vocat,
752 4129 849 4203 atque
864 4120 908 4182 ita
922 4118 988 4181 fere
1001 4116 1208 4203 Nicephorus
1219 4129 1253 4180 et
1266 4118 1445 4203 Syneellus.
1470 4118 1534 4182 Ce-

496 4220 603 4269 terum
615 4202 811 4267 Athanasius
827 4203 859 4266 in
871 4203 954 4267 libro
967 4203 1008 4266 de
1019 4202 1158 4302 Synodis
1169 4202 1307 4265 Arimini
1321 4215 1355 4266 et
1370 4203 1536 4282 Seleuciae,

496 4301 634 4355 testatur
653 4288 687 4351 in
708 4287 768 4352 hac
791 4288 923 4374 Synodo
939 4288 1102 4364 70.lu1sse
1123 4289 1230 4351 Patres
1245 4288 1301 4374 qui
1322 4289 1456 4353 Paulum
1476 4290 1535 4352 Sa-

497 4387 715 4445 mosatensem
741 4373 969 4459 deposuerunt.
1002 4374 1338 4437 Hnn.Vnttss1us.
1391 4373 1536 4439 Hilarius

496 4462 531 4526 in
546 4460 630 4524 libro
644 4457 696 4523 De
711 4457 854 4546 Synodis,
873 4470 1005 4523 notante
1024 4456 1196 4522 Harduino
1215 4458 1257 4521 ad
1277 4478 1379 4542 marg.
1398 4458 1450 4521 ed.
1469 4481 1536 4524 suae

497 4544 717 4624 Conciliorum,
732 4544 788 4608 ubi
809 4544 991 4609 Eusebiana
1011 4564 1085 4629 pars
1107 4541 1251 4628 epistolae
1273 4543 1461 4622 collocatur,
1476 4565 1536 4630 pa-

497 4646 562 4695 trea
584 4629 663 4695 dicit
687 4630 786 4695 fuisse
807 4629 985 4715 octoginta.
1030 4628 1103 4691 Imo
1124 4640 1224 4712 auget
1245 4650 1413 4693 numerum
1435 4651 1537 4715 usquo

496 4715 539 4781 ad
555 4728 686 4783 centum
700 4729 734 4781 et
748 4715 915 4802 octoginta
936 4712 1074 4866 Basillgus
1094 4713 1260 4780 Diaconos
1275 4715 1307 4779 in
1321 4711 1443 4779 Libello
1458 4715 1539 4801 Sup-

970 4820 995 4865 K
1043 4813 1063 4864 2
