4092 5675
724 790 777 861 tu
798 789 1020 860 ammam
1045 747 1300 861 eunomcn.
1465 811 1528 881 ³³1

495 981 553 1031 rus
566 949 626 1028 lib.¹
638 961 679 1028 iv.
693 983 765 1064 cap.
782 977 829 1028 ιο.
849 961 905 1027 sed
924 984 992 1028 rem
1012 962 1157 1030 nonnihil
1174 963 1291 1030 minuit
1302 961 1449 1029 Valerius
1470 963 1532 1028 Pa·

497 1049 642 1116 terculus
661 1048 717 1113 lib.
733 1049 766 1113 ai.
784 1070 856 1136 cap.
874 1061 923 1113 82.
943 1062 981 1113 ut
1001 1050 1145 1114 ostendit
1167 1049 1370 1115 Prideauxius
1388 1048 1476 1115 Hist.
1495 1047 1532 1115 V.

497 1145 531 1200 et
545 1133 589 1200 N.
606 1135 689 1199 Test.
707 1134 860 1212 Canama,
874 1148 957 1220 part.
969 1134 1001 1197 ii.
1016 1134 1074 1199 lib.
1088 1135 1151 1199 viii.
1165 1157 1198 1222 p.
1209 1146 1279 1214 79³.

543 1221 580 1284 P.
594 1233 660 1284 180.
675 1219 698 1283 l.
711 1233 740 1284 3.
762 1224 793 1282 οὗ
806 1218 983 1304 βουλόμενον]
998 1220 1050 1284 Ita
1061 1221 1188 1284 Goarus
1203 1221 1244 1284 ad
1256 1242 1361 1308 marg.
1376 1218 1533 1306 codemque

499 1304 584 1370 alter
597 1304 760 1370 Parisinus
774 1325 833 1391 pro
849 1307 866 1367 ί
881 1304 1044 1386 βυλίρενος.
1087 1307 1131 1370 Et
1144 1305 1286 1392 Scaliger
1301 1306 1333 1369 in
1348 1304 1534 1369 Eusebiaais

499 1389 631 1456 exhibet
648 1390 791 1464 Ἀντώνιος
809 1391 836 1452 δὲ
860 1394 889 1452 οὐ
908 1390 1071 1473 βολίμενος,
1095 1391 1174 1456 dum
1193 1390 1291 1477 paulo
1313 1392 1394 1455 infru
1413 1390 1535 1457 omittit

498 1496 595 1542 voces
610 1475 737 1540 easdem
750 1477 893 1548 Ἀντώνιος
906 1476 934 1537 u
947 1489 1021 1539 ante
1035 1478 1121 1562 ωίπῷ.
1216 1503 1218 1508 ·

545 1560 630 1625 lbid.
651 1560 675 1626 l.
699 1575 747 1626 10.
776 1563 852 1644 αὐτῷ
875 1560 935 1645 τὴν]
961 1561 1012 1624 Ita
1035 1557 1179 1626 ediderat
1202 1560 1345 1646 Scaliger
1368 1581 1427 1646 pro
1452 1564 1537 1638 αὐτδν

501 1645 592 1797 pppld
606 1645 704 1710 habet
718 1644 816 1710 Goati
833 1642 1004 1732 syncellus.
1048 1648 1133 1713 Mox
1154 1648 1238 1721 διπίιὶς
1258 1667 1317 1733 pro
1337 1648 1436 1720 διπλοὶς
1450 1645 1536 1710 idem

578 1752 659 1832 iger.

547 1816 632 1882 lbtd.
655 1816 679 1882 l.
705 1829 752 1879 13.
781 1816 826 1892 νηί
845 1818 893 1881 τὸν
917 1818 1032 1906 ςραπὸν]
1061 1818 1133 1881 For.
1160 1816 1190 1882 le
1233 1816 1288 1884 nd.
1314 1819 1401 1897 νηίπὸν
1425 1814 1536 1914 ςρατὸν.
1657 1878 1663 1887 ,

502 1901 587 1968 Mox
601 1904 632 1966 τὸ
646 1899 847 1983 ἀποθησόμενον
861 1923 921 1988 pro
935 1909 972 1967 τοὶ
985 1900 1177 1987 ἀποίησίριενοι
1235 1904 1269 1967 S.
1283 1904 1364 1968 aller
1379 1906 1482 1969 Pam.

547 1986 632 2052 Ibid.
649 1988 672 2051 l.
691 2001 739 2050 15.
762 1986 821 2050 δυσί
844 1988 1032 2075 ναυμαχίαις]
1051 1988 1102 2052 Ita
1121 1988 1265 2053 ediderat
1283 1989 1438 2075 Scaliger,
1453 2006 1538 2050 nunc

504 2074 652 2140 firmante
664 2068 751 2136 idem
765 2081 833 2135 utro
856 2074 1022 2159 asscripta
1037 2073 1191 2151 Parisino,
1212 2096 1271 2158 pro
1292 2077 1366 2138 δυσίν
1383 2070 1538 2157 συμμαχί·

504 2187 560 2238 αις,
574 2156 663 2246 quod
680 2155 810 2221 exhibet
826 2095 926 2223 doni
940 2155 1114 2246 Syncellas
1158 2158 1271 2223 Statim
1288 2173 1362 2224 ante
1377 2160 1412 2233 ὥς
1425 2159 1447 2218 δ’
1463 2154 1538 2243 ἐκρί·

504 2251 542 2324 ὴ
579 2265 618 2308 ro
631 2244 667 2317 ὥς
679 2244 706 2305 δὲ
722 2245 744 2305 ἔ.
759 2242 836 2307 MS.
852 2241 934 2307 alter
946 2244 1050 2308 Puris.

590 2327 636 2393 id.
652 2328 736 2392 l.16.
758 2326 909 2413 ἀπέδοσαν]
928 2330 978 2394 Ita
993 2327 1078 2394 Scal.
1098 2340 1131 2392 et
1153 2328 1254 2393 nostri
1266 2328 1324 2392 duo
1339 2327 1539 2407 Ρυπὶοἱοποοο,

504 2437 567 2504 pro
579 2413 736 2493 ἀπέδοσαν,
750 2412 837 2500 quod
853 2416 986 2479 mutavit
1000 2416 1125 2479 σείουσι
1150 2462 1157 2477 .
1173 2416 1301 2479 Goarus
1316 2414 1348 2476 in
1363 2413 1518 2477 ἀπέδωκαν.

551 2501 586 2564 Ρ.
603 2511 670 2563 181.
685 2500 708 2564 l.
725 2515 751 2563 1.
774 2497 898 2562 ἔπιπίπίοι
920 2501 948 2563 δὲ
968 2500 1092 2586 Ἡρώδῃ]
1137 2499 1183 2564 ria
1197 2499 1267 2564 haee
1282 2500 1376 2563 verba
1396 2497 1540 2584 Scalige-

504 2607 580 2737 {itm
601 2584 789 2735 m?
807 2584 1542 2735 iiiiasiiirii'ddiidiisuiiaiisiiiiumaedii

504 2777 526 2822 e
566 2777 588 2820 ο
604 2754 735 2819 εὗσίπίει
750 2755 923 2841 legendum
939 2759 1010 2821 est?

570 2841 676 2908 bid.'l.
690 2856 721 2905 2.
745 2845 770 2905 ia
783 2846 823 2927 τῷ
836 2843 1004 2931 μεσαιολίιρ]
1022 2842 1140 2908 Scribit
1160 2843 1303 2930 Scaliger
1317 2845 1344 2907 iv
1356 2845 1397 2929 τῷ
1409 2866 1551 2926 μαισαιογ

506 2927 571 3007 λία,
593 2926 650 2992 ubi
673 2927 773 2992 MSS.
797 2928 899 3010 (Inter
912 2930 981 2994 haec
997 2930 1092 2995 verba
1106 2930 1232 2994 Goarus
1250 2929 1387 2994 aliorum
1403 2928 1543 2993 duorum

507 2996 609 3081 MSS.
620 3025 738 3100 praeter
753 3013 799 3076 Re
825 3011 890 3077 ‘um
906 3035 968 3101 ope
980 3038 1057 3079 usus
1068 3028 1128 3092 est,
1142 3015 1239 3080 Card.
1252 3012 1416 3079 Barbarini
1429 3027 1463 3079 et
1474 3015 1544 3079 Va·

507 3099 620 3182 ticani)
637 3098 794 3163 αεσαιίλιυν
821 3113 933 3183 egunt.
977 3100 1063 3165 Mihi
1077 3122 1217 3186 praesens
1230 3100 1321 3165 locus
1335 3098 1468 3176 mutilus
1483 3111 1545 3179 est,

508 3196 545 3250 et
561 3186 596 3250 in
616 3204 657 3249 eo
674 3183 714 3248 de
727 3182 863 3247 Actiaca
877 3183 1008 3249 victoria
1020 3186 1143 3250 m'entio
1160 3184 1367 3263 desideratur,
1380 3197 1413 3248 et
1425 3186 1457 3248 εδ
1473 3211 1544 3266 ραι-

509 3271 634 3334 σαιίλιον
654 3269 688 3333 in
707 3272 887 3351 μαυσυιλαῖον
901 3282 1129 3334 commutatur.
1174 3270 1348 3358 Cleopatra
1361 3270 1478 3357 quippe
1494 3291 1544 3335 se-

509 3355 649 3444 pulchri,
663 3353 834 3419 Mausolaei
851 3375 1078 3440 nonnunquam
1093 3354 1136 3419 ob
1151 3355 1279 3420 fabricae
1293 3353 1414 3420 molem
1430 3355 1546 3435 vocati,

509 3440 620 3506 clausa
639 3438 788 3527 praesidio
809 3439 946 3525 seipsam
970 3440 1117 3505 confecit.
1140 3441 1313 3505 Gonnus.
1358 3440 1547 3518 Plutarchus

510 3528 545 3595 in
556 3524 717 3592 Antonio:
740 3522 809 3602 αὕτη
825 3526 852 3588 δὲ
869 3524 1069 3610 (Cleopatra)
1086 3526 1175 3605 θήκας
1190 3526 1287 3612 ἔχοισα
1307 3523 1353 3604 κα]
1369 3529 1547 3589 ΜΝΗΜΑ·

511 3616 568 3677 ΤΑ
582 3609 829 3692 κατεσκευασμένα
842 3610 974 3697 auspitius
989 3609 1024 3685 εἷς
1038 3637 1070 3674 πε
1082 3613 1189 3687 κᾶλλος
1202 3614 1224 3698 'd
1239 3610 1319 3689 ὗιίιος,
1334 3609 1353 3674 οἲ
1367 3609 1547 3697 οπροσιρκοὸί-

512 3722 587 3781 μησε
610 3702 651 3783 τῷ
675 3700 731 3782 ναῷ
754 3702 803 3772 τῆς
818 3693 934 3774 Ἴσιδος,
956 3700 1077 3760 ἐνταῦθα
1100 3704 1154 3762 τῶν
1177 3701 1333 3778 βασιλικῶν
1356 3696 1489 3780 συνεφόρει
1508 3698 1548 3759 ποί

513 3782 636 3860 πλείςης
660 3780 727 3860 ἄξια
749 3784 874 3859 σπουδῆς,
955 3785 1014 3862 σὸν,
1041 3781 1160 3869 ἄργυρον
1185 3783 1245 3847 Sec.
1268 3805 1300 3868 p.
1319 3793 1405 3859 1739.
1427 3779 1479 3845 ed.
1502 3781 1549 3846 H.

513 3869 629 3953 Steph.
646 3879 679 3931 et
700 3867 733 3930 in
749 3866 893 3952 sequenti
916 3889 954 3933 us
968 3868 1060 3932 locus
1076 3872 1088 3930 ὁ
1102 3868 1187 3949 πάρος
1200 3867 1247 3932 ibi
1261 3865 1451 3966 appellatur·
1489 3898 1491 3905 ·

561 3952 645 4018 lbid.
660 3952 684 4015 l.
696 3966 726 4014 3.
749 3952 844 4015 ἀσπίδι
867 3958 907 4038 τῷ
927 3951 1026 4038 θηρίῳ]
1046 3952 1097 4016 Ita
1116 3974 1135 4016 a
1153 3953 1186 4016 S.
1202 3954 1293 4017 Luca
1306 3974 1339 4016 m
1349 3951 1424 4016 Aa.
1436 3949 1549 4038 Apott.

515 4039 622 4105 xxviii.
678 4039 736 4101 ιδνα
749 4038 841 4125 Sigus
856 4059 874 4102 a
920 4036 1046 4102 ellatur.
1062 4037 1148 4101 conf.
1164 4058 1283 4102 comm.
1296 4051 1327 4101 3.
1340 4048 1374 4101 et
1386 4048 1417 4100 4.
1429 4049 1463 4102 et
1476 4052 1507 4103 5.

498 4160 503 4169 ·
561 4122 645 4189 Ibid.
675 4138 727 4188 .5.
750 4124 791 4186 ἐπὶ
813 4128 859 4201 Θη
880 4059 958 4207 aiis]
982 4124 1034 4188 Ita
1054 4122 1131 4187 MS.
1153 4121 1234 4187 ulter
1257 4122 1359 4188 Paris·
1381 4123 1491 4189 eaeteri
1508 4122 1560 4199 ta,

516 4207 650 4287 Θηὸαίδι.
693 4208 811 4273 Statim
826 4222 901 4273 ante
915 4209 967 4283 πιίς
979 4235 1010 4271 τε
1026 4230 1084 4296 pro
1097 4207 1159 4273 πίπε
1174 4207 1329 4296 scaligeri
1344 4207 1508 4273 Eusebius.

563 4294 647 4359 Ibid.
662 4295 747 4358 l.10.
766 4292 880 4441 χρόνος]
896 4295 1019 4359 Vocem
1035 4293 1158 4359 addidit
1171 4294 1327 4381 Scaligeri
1340 4292 1455 4361 Εαοοίι.
1468 4311 1554 4357 επον-

517 4379 588 4470 gini
602 4402 677 4444 vero
693 4379 791 4465 Synce
808 4379 831 4442 a·
845 4374 981 4444 adlitum
996 4392 1046 4443 est
1060 4402 1080 4444 a
1095 4380 1217 4459 Goaro,
1230 4379 1329 4468 χρίνος
1342 4380 1358 4457 δ
1372 4380 1524 4460 σύλλογος.

563 4465 648 4530 Ibid.
671 4469 745 4547 μετὰ
760 4464 805 4541 ἔτη
820 4462 856 4527 τ’.
870 4469 917 4541 τῆς
930 4470 1048 4550 Περσῶν
1062 4464 1249 4552 καθαιρέσεως
1262 4469 1330 4529 δυοῖν
1341 4464 1447 4548 δέοντα]
1462 4462 1553 4527 Loco

520 4572 580 4615 suo
605 4564 703 4616 motae
725 4550 872 4614 videntur
890 4570 983 4614 voces
997 4549 1055 4628 ’ἔπη
1075 4550 1111 4613 π’.
1133 4564 1230 4639 atque
1251 4548 1436 4636 legendum,
1457 4559 1556 4634 prout
1684 4564 1693 4575 ‘

518 4636 614 4702 vertit
632 4638 771 4715 Gonane,
784 4640 866 4734 μετὰ.
877 4637 925 4712 τὴν
943 4634 1064 4735 Πίρσιυν
1081 4636 1243 4726 καθαίρεσιν
1257 4634 1302 4712 ἔπη
1316 4633 1353 4698 τ’.
1389 4631 1565 4732 Caeterqnp

512 4744 539 4816 ρ
553 4722 685 4788 victoria
695 4720 869 4789 Alexandn
883 4719 1000 4807 Magn
1014 4721 1102 4810 apud
1114 4722 1281 4803 Arbelam,
1293 4740 1351 4797 eeu
1364 4719 1426 4788 fine
1440 4720 1557 4786 Perna
