<?xml version="1.0" encoding="UTF-8"?>
<!DOCTYPE html PUBLIC "-//W3C//DTD XHTML 1.0 Transitional//EN"
    "http://www.w3.org/TR/xhtml1/DTD/xhtml1-transitional.dtd">
<html xmlns="http://www.w3.org/1999/xhtml" xml:lang="en" lang="en">
 <head>
  <title>
</title>
<meta http-equiv="Content-Type" content="text/html;charset=utf-8" />
  <meta name='ocr-system' content='tesseract 3.04.00' />
  <meta name='ocr-capabilities' content='ocr_page ocr_carea ocr_par ocr_line ocrx_word'/>
</head>
<body>
  <div class='ocr_page' id='page_1' title='image "./reliquiaesacrae09routgoog_0505.png"; bbox 0 0 4092 5675; ppageno 0'>
   <div class='ocr_carea' id='block_1_1' title="bbox 672 765 1543 863">
    <p class='ocr_par' dir='ltr' id='par_1_1' title="bbox 672 765 1543 863">
     <span class='ocr_line' id='line_1_1' title="bbox 672 765 1543 863; baseline 0.003 -28"><span class='ocrx_word' id='word_1_1' title='bbox 672 767 726 835; x_wconf 91' lang='lat' dir='ltr'><em>IN</em></span> <span class='ocrx_word' id='word_1_2' title='bbox 747 766 983 836; x_wconf 84' lang='lat' dir='ltr'><strong>SYNODUM</strong></span> <span class='ocrx_word' id='word_1_3' title='bbox 1004 765 1371 838; x_wconf 84' lang='lat' dir='ltr'>ANTIOCHENAM.</span> <span class='ocrx_word' id='word_1_4' title='bbox 1478 792 1543 863; x_wconf 83' lang='lat'><em>513</em></span> 
     </span>
    </p>
   </div>
   <div class='ocr_carea' id='block_1_2' title="bbox 494 940 1544 1375">
    <p class='ocr_par' dir='ltr' id='par_1_2' title="bbox 494 940 1544 1375">
     <span class='ocr_line' id='line_1_2' title="bbox 494 940 1544 1031; baseline 0.003 -26"><span class='ocrx_word' id='word_1_5' title='bbox 494 941 555 1026; x_wconf 73' lang='grc' dir='ltr'><em>χῆν</em></span> <span class='ocrx_word' id='word_1_6' title='bbox 576 943 618 1026; x_wconf 79' lang='grc' dir='ltr'><em>τῷ</em></span> <span class='ocrx_word' id='word_1_7' title='bbox 636 943 685 1027; x_wconf 76' lang='grc' dir='ltr'><em>υἱῷ</em></span> <span class='ocrx_word' id='word_1_8' title='bbox 708 941 823 1005; x_wconf 74' lang='grc' dir='ltr'><em>διδοῦσιν</em></span> <span class='ocrx_word' id='word_1_9' title='bbox 844 941 899 1004; x_wconf 80' lang='grc' dir='ltr'><em>ἀπὸ</em></span> <span class='ocrx_word' id='word_1_10' title='bbox 920 944 968 1018; x_wconf 76' lang='grc' dir='ltr'><em>τῆς</em></span> <span class='ocrx_word' id='word_1_11' title='bbox 990 943 1022 1005; x_wconf 79' lang='grc' dir='ltr'><em>ἐκ</em></span> <span class='ocrx_word' id='word_1_12' title='bbox 1043 940 1161 1030; x_wconf 69' lang='grc' dir='ltr'><strong><em>Μαρίοις</em></strong></span> <span class='ocrx_word' id='word_1_13' title='bbox 1182 945 1259 1005; x_wconf 78' lang='grc' dir='ltr'><strong><em>κοντοὶ</em></strong></span> <span class='ocrx_word' id='word_1_14' title='bbox 1281 941 1377 1030; x_wconf 75' lang='grc' dir='ltr'><strong><em>σάρκα</em></strong></span> <span class='ocrx_word' id='word_1_15' title='bbox 1398 944 1544 1031; x_wconf 79' lang='grc' dir='ltr'><em>γενέσεως,</em></span> 
     </span>
     <span class='ocr_line' id='line_1_3' title="bbox 496 1025 1543 1108; baseline 0.009 -19"><span class='ocrx_word' id='word_1_16' title='bbox 496 1028 739 1108; x_wconf 79' lang='grc' dir='ltr'><strong><em>βλασφημοῦντες·</em></strong></span> <span class='ocrx_word' id='word_1_17' title='bbox 773 1026 814 1091; x_wconf 80' lang='lat' dir='ltr'><em>iro</em></span> <span class='ocrx_word' id='word_1_18' title='bbox 838 1027 896 1090; x_wconf 75' lang='lat' dir='ltr'><em>odii</em></span> <span class='ocrx_word' id='word_1_19' title='bbox 921 1027 995 1091; x_wconf 76' lang='grc' dir='ltr'><em>Θεὸν</em></span> <span class='ocrx_word' id='word_1_20' title='bbox 1019 1028 1148 1105; x_wconf 62' lang='lat' dir='ltr'><em>dui-itur</em></span> <span class='ocrx_word' id='word_1_21' title='bbox 1172 1025 1254 1091; x_wconf 75' lang='lat' dir='ltr'><em>aritio</em></span> <span class='ocrx_word' id='word_1_22' title='bbox 1278 1028 1343 1107; x_wconf 71' lang='lat' dir='ltr'><em>elnon</em></span> <span class='ocrx_word' id='word_1_23' title='bbox 1368 1029 1543 1104; x_wconf 76' lang='grc' dir='ltr'><em>ωοςεύουσνν.</em></span> 
     </span>
     <span class='ocr_line' id='line_1_4' title="bbox 498 1111 1544 1201; baseline 0.007 -25"><span class='ocrx_word' id='word_1_24' title='bbox 498 1111 640 1199; x_wconf 88' lang='lat' dir='ltr'><em>Eugenii</em></span> <span class='ocrx_word' id='word_1_25' title='bbox 663 1112 803 1178; x_wconf 89' lang='lat' dir='ltr'><em>Diaconi</em></span> <span class='ocrx_word' id='word_1_26' title='bbox 818 1112 865 1179; x_wconf 91' lang='lat' dir='ltr'><em>Le</em></span> <span class='ocrx_word' id='word_1_27' title='bbox 888 1112 950 1178; x_wconf 88' lang='lat' dir='ltr'><em>atio</em></span> <span class='ocrx_word' id='word_1_28' title='bbox 965 1112 1008 1177; x_wconf 90' lang='lat' dir='ltr'><em>ad</em></span> <span class='ocrx_word' id='word_1_29' title='bbox 1019 1112 1241 1192; x_wconf 75' lang='lat' dir='ltr'><em>Athanasium,</em></span> <span class='ocrx_word' id='word_1_30' title='bbox 1261 1115 1349 1201; x_wconf 85' lang='lat' dir='ltr'><em>apud</em></span> <span class='ocrx_word' id='word_1_31' title='bbox 1369 1117 1544 1183; x_wconf 87' lang='lat' dir='ltr'><em>Montfau·</em></span> 
     </span>
     <span class='ocr_line' id='line_1_5' title="bbox 498 1197 1544 1287; baseline 0.007 -25"><span class='ocrx_word' id='word_1_32' title='bbox 498 1220 574 1263; x_wconf 89' lang='lat' dir='ltr'><em>con.</em></span> <span class='ocrx_word' id='word_1_33' title='bbox 599 1197 727 1264; x_wconf 87' lang='lat' dir='ltr'><em>Calleot.</em></span> <span class='ocrx_word' id='word_1_34' title='bbox 749 1200 818 1264; x_wconf 90' lang='grc' dir='ltr'><em>ΡΡ.</em></span> <span class='ocrx_word' id='word_1_35' title='bbox 891 1222 948 1263; x_wconf 83' lang='lat' dir='ltr'><em>aeo.</em></span> <span class='ocrx_word' id='word_1_36' title='bbox 969 1211 1052 1287; x_wconf 80' lang='lat' dir='ltr'><em>tom.</em></span> <span class='ocrx_word' id='word_1_37' title='bbox 1066 1200 1101 1265; x_wconf 90' lang='lat' dir='ltr'><em>ii.</em></span> <span class='ocrx_word' id='word_1_38' title='bbox 1119 1222 1195 1287; x_wconf 85' lang='lat' dir='ltr'>pag.</span> <span class='ocrx_word' id='word_1_39' title='bbox 1209 1215 1241 1265; x_wconf 83' lang='lat'><em>3.</em></span> <span class='ocrx_word' id='word_1_40' title='bbox 1285 1202 1349 1267; x_wconf 91' lang='lat' dir='ltr'><em>Sed</em></span> <span class='ocrx_word' id='word_1_41' title='bbox 1371 1215 1480 1268; x_wconf 90' lang='lat' dir='ltr'><em>tamen</em></span> <span class='ocrx_word' id='word_1_42' title='bbox 1502 1204 1544 1269; x_wconf 88' lang='lat' dir='ltr'><em>de</em></span> 
     </span>
     <span class='ocr_line' id='line_1_6' title="bbox 499 1283 1544 1375; baseline 0.009 -28"><span class='ocrx_word' id='word_1_43' title='bbox 499 1283 603 1349; x_wconf 90' lang='lat' dir='ltr'><em>Paulo</em></span> <span class='ocrx_word' id='word_1_44' title='bbox 616 1285 662 1349; x_wconf 89' lang='lat' dir='ltr'><em>ait</em></span> <span class='ocrx_word' id='word_1_45' title='bbox 677 1283 1106 1371; x_wconf 86' lang='lat' dir='ltr'><em>EphraemusAntiochenus</em></span> <span class='ocrx_word' id='word_1_46' title='bbox 1122 1288 1155 1350; x_wconf 89' lang='lat' dir='ltr'><em>in</em></span> <span class='ocrx_word' id='word_1_47' title='bbox 1168 1288 1243 1351; x_wconf 89' lang='lat' dir='ltr'><em>loco</em></span> <span class='ocrx_word' id='word_1_48' title='bbox 1259 1309 1355 1374; x_wconf 86' lang='lat' dir='ltr'><em>sopra</em></span> <span class='ocrx_word' id='word_1_49' title='bbox 1368 1288 1411 1353; x_wconf 90' lang='lat' dir='ltr'><em>ad</em></span> <span class='ocrx_word' id='word_1_50' title='bbox 1425 1311 1459 1375; x_wconf 92' lang='lat' dir='ltr'><em>p.</em></span> <span class='ocrx_word' id='word_1_51' title='bbox 1470 1304 1544 1369; x_wconf 84' lang='grc'><strong>493.</strong></span> 
     </span>
    </p>
   </div>
   <div class='ocr_carea' id='block_1_3' title="bbox 452 1368 1589 4878">
    <p class='ocr_par' dir='ltr' id='par_1_3' title="bbox 497 1368 1548 2231">
     <span class='ocr_line' id='line_1_7' title="bbox 499 1368 1545 1461; baseline 0.008 -27"><span class='ocrx_word' id='word_1_52' title='bbox 499 1368 656 1449; x_wconf 83' lang='lat' dir='ltr'><em>adductO,</em></span> <span class='ocrx_word' id='word_1_53' title='bbox 671 1370 759 1435; x_wconf 74' lang='grc' dir='ltr'><strong><em>ἄλλον</em></strong></span> <span class='ocrx_word' id='word_1_54' title='bbox 772 1374 823 1454; x_wconf 82' lang='grc' dir='ltr'><em>μὲν</em></span> <span class='ocrx_word' id='word_1_55' title='bbox 836 1375 884 1436; x_wconf 76' lang='grc' dir='ltr'><em>τὸν</em></span> <span class='ocrx_word' id='word_1_56' title='bbox 901 1373 960 1458; x_wconf 81' lang='lat' dir='ltr'><em>arpi</em></span> <span class='ocrx_word' id='word_1_57' title='bbox 974 1372 1077 1437; x_wconf 77' lang='grc' dir='ltr'><strong><em>αἰώνων</em></strong></span> <span class='ocrx_word' id='word_1_58' title='bbox 1091 1375 1157 1451; x_wconf 80' lang='lat' dir='ltr'><em>aido,</em></span> <span class='ocrx_word' id='word_1_59' title='bbox 1170 1370 1260 1459; x_wconf 74' lang='grc' dir='ltr'><strong><em>ἕτερον</em></strong></span> <span class='ocrx_word' id='word_1_60' title='bbox 1274 1374 1302 1436; x_wconf 83' lang='grc' dir='ltr'><em>δὲ</em></span> <span class='ocrx_word' id='word_1_61' title='bbox 1315 1376 1362 1437; x_wconf 82' lang='grc' dir='ltr'><em>τὸν</em></span> <span class='ocrx_word' id='word_1_62' title='bbox 1377 1378 1417 1438; x_wconf 80' lang='grc' dir='ltr'><em>ἐπ’</em></span> <span class='ocrx_word' id='word_1_63' title='bbox 1431 1377 1545 1461; x_wconf 50' lang='lat' dir='ltr'><em>extrav</em></span> 
     </span>
     <span class='ocr_line' id='line_1_8' title="bbox 498 1454 1544 1543; baseline 0.011 -27"><span class='ocrx_word' id='word_1_64' title='bbox 498 1454 690 1538; x_wconf 69' lang='grc' dir='ltr'><strong><em>ρρενοὸλονὸῶς</em></strong></span> <span class='ocrx_word' id='word_1_65' title='bbox 705 1457 891 1542; x_wconf 73' lang='grc' dir='ltr'><em>ἐδογρᾶτοζεε</em></span> <span class='ocrx_word' id='word_1_66' title='bbox 912 1471 983 1522; x_wconf 92' lang='lat' dir='ltr'><em>tum</em></span> <span class='ocrx_word' id='word_1_67' title='bbox 1000 1480 1076 1523; x_wconf 89' lang='lat' dir='ltr'><em>vero</em></span> <span class='ocrx_word' id='word_1_68' title='bbox 1091 1458 1183 1523; x_wconf 90' lang='lat' dir='ltr'><em>initio</em></span> <span class='ocrx_word' id='word_1_69' title='bbox 1192 1458 1352 1543; x_wconf 75' lang='lat' dir='ltr'><em>Epistulae</em></span> <span class='ocrx_word' id='word_1_70' title='bbox 1386 1484 1436 1525; x_wconf 90' lang='lat' dir='ltr'><em>uae</em></span> <span class='ocrx_word' id='word_1_71' title='bbox 1448 1483 1544 1527; x_wconf 86' lang='lat' dir='ltr'><em>voca-</em></span> 
     </span>
     <span class='ocr_line' id='line_1_9' title="bbox 498 1482 1544 1629; baseline 0.007 -23"><span class='ocrx_word' id='word_1_72' title='bbox 498 1555 555 1606; x_wconf 92' lang='lat' dir='ltr'><em>tur</em></span> <span class='ocrx_word' id='word_1_73' title='bbox 572 1542 722 1629; x_wconf 76' lang='lat' dir='ltr'><em>Dionysii</em></span> <span class='ocrx_word' id='word_1_74' title='bbox 742 1542 955 1609; x_wconf 80' lang='lat' dir='ltr'><em>Alexandrini</em></span> <span class='ocrx_word' id='word_1_75' title='bbox 976 1544 1018 1609; x_wconf 90' lang='lat' dir='ltr'><em>ad</em></span> <span class='ocrx_word' id='word_1_76' title='bbox 1042 1543 1192 1623; x_wconf 84' lang='lat' dir='ltr'><em>Paulam,</em></span> <span class='ocrx_word' id='word_1_77' title='bbox 1214 1544 1332 1611; x_wconf 87' lang='lat' dir='ltr'><em>dicitur</em></span> <span class='ocrx_word' id='word_1_78' title='bbox 1353 1482 1440 1612; x_wconf 74' lang='lat' dir='ltr'><em>idem</em></span> <span class='ocrx_word' id='word_1_79' title='bbox 1460 1547 1544 1613; x_wconf 85' lang='lat' dir='ltr'><em>duos</em></span> 
     </span>
     <span class='ocr_line' id='line_1_10' title="bbox 500 1626 1546 1718; baseline 0.008 -28"><span class='ocrx_word' id='word_1_80' title='bbox 500 1626 651 1693; x_wconf 85' lang='lat' dir='ltr'><em>Christos</em></span> <span class='ocrx_word' id='word_1_81' title='bbox 668 1640 701 1693; x_wconf 93' lang='lat' dir='ltr'><em>et</em></span> <span class='ocrx_word' id='word_1_82' title='bbox 716 1628 799 1695; x_wconf 89' lang='lat' dir='ltr'><em>duos</em></span> <span class='ocrx_word' id='word_1_83' title='bbox 814 1629 896 1695; x_wconf 91' lang='lat' dir='ltr'><em>filios</em></span> <span class='ocrx_word' id='word_1_84' title='bbox 912 1644 979 1697; x_wconf 90' lang='lat' dir='ltr'><em>tam</em></span> <span class='ocrx_word' id='word_1_85' title='bbox 995 1631 1092 1695; x_wconf 87' lang='lat' dir='ltr'><em>verbo</em></span> <span class='ocrx_word' id='word_1_86' title='bbox 1107 1652 1204 1718; x_wconf 89' lang='lat' dir='ltr'><em>quam</em></span> <span class='ocrx_word' id='word_1_87' title='bbox 1219 1652 1260 1695; x_wconf 84' lang='lat' dir='ltr'><em>re</em></span> <span class='ocrx_word' id='word_1_88' title='bbox 1279 1632 1481 1716; x_wconf 87' lang='lat' dir='ltr'><em>praedicaese,</em></span> <span class='ocrx_word' id='word_1_89' title='bbox 1495 1632 1546 1697; x_wconf 80' lang='grc' dir='ltr'><em>λέ-</em></span> 
     </span>
     <span class='ocr_line' id='line_1_11' title="bbox 497 1713 1546 1803; baseline 0.008 -26"><span class='ocrx_word' id='word_1_90' title='bbox 497 1713 597 1799; x_wconf 80' lang='grc' dir='ltr'><strong><em>γοντός</em></strong></span> <span class='ocrx_word' id='word_1_91' title='bbox 610 1740 649 1777; x_wconf 79' lang='lat' dir='ltr'><em>aa</em></span> <span class='ocrx_word' id='word_1_92' title='bbox 664 1716 708 1778; x_wconf 80' lang='grc' dir='ltr'><em>δύο</em></span> <span class='ocrx_word' id='word_1_93' title='bbox 724 1714 833 1802; x_wconf 73' lang='grc' dir='ltr'><strong><em>Χροςὲς</em></strong></span> <span class='ocrx_word' id='word_1_94' title='bbox 847 1744 868 1803; x_wconf 75' lang='lat' dir='ltr'><em>‘t</em></span> <span class='ocrx_word' id='word_1_95' title='bbox 884 1717 928 1779; x_wconf 78' lang='grc' dir='ltr'><em>δύο</em></span> <span class='ocrx_word' id='word_1_96' title='bbox 944 1715 1013 1790; x_wconf 75' lang='grc' dir='ltr'><strong><em>υἷές·</em></strong></span> <span class='ocrx_word' id='word_1_97' title='bbox 1031 1717 1091 1781; x_wconf 74' lang='lat' dir='ltr'><em>Soc.</em></span> <span class='ocrx_word' id='word_1_98' title='bbox 1137 1716 1177 1780; x_wconf 94' lang='lat' dir='ltr'><em>Id</em></span> <span class='ocrx_word' id='word_1_99' title='bbox 1192 1738 1268 1781; x_wconf 88' lang='lat' dir='ltr'><em>vero</em></span> <span class='ocrx_word' id='word_1_100' title='bbox 1284 1720 1479 1785; x_wconf 88' lang='lat' dir='ltr'><em>contrarium</em></span> <span class='ocrx_word' id='word_1_101' title='bbox 1496 1731 1546 1785; x_wconf 86' lang='lat' dir='ltr'><em>est</em></span> 
     </span>
     <span class='ocr_line' id='line_1_12' title="bbox 497 1798 1548 1885; baseline 0.007 -22"><span class='ocrx_word' id='word_1_102' title='bbox 497 1798 578 1864; x_wconf 82' lang='lat' dir='ltr'><em>huic</em></span> <span class='ocrx_word' id='word_1_103' title='bbox 603 1800 703 1881; x_wconf 91' lang='lat' dir='ltr'><em>dicto,</em></span> <span class='ocrx_word' id='word_1_104' title='bbox 727 1802 778 1865; x_wconf 80' lang='lat' dir='ltr'><em>nal</em></span> <span class='ocrx_word' id='word_1_105' title='bbox 797 1828 839 1864; x_wconf 83' lang='lat' dir='ltr'><em>rot</em></span> <span class='ocrx_word' id='word_1_106' title='bbox 861 1804 941 1885; x_wconf 75' lang='grc' dir='ltr'><strong><em>φησὶν</em></strong></span> <span class='ocrx_word' id='word_1_107' title='bbox 961 1806 1000 1885; x_wconf 78' lang='grc' dir='ltr'><em>μὴ</em></span> <span class='ocrx_word' id='word_1_108' title='bbox 1023 1802 1067 1865; x_wconf 81' lang='grc' dir='ltr'><em>δύο</em></span> <span class='ocrx_word' id='word_1_109' title='bbox 1090 1801 1232 1883; x_wconf 61' lang='lat' dir='ltr'><em>inis-aliar</em></span> <span class='ocrx_word' id='word_1_110' title='bbox 1257 1803 1326 1878; x_wconf 71' lang='grc' dir='ltr'><em>υἷές.</em></span> <span class='ocrx_word' id='word_1_111' title='bbox 1371 1806 1415 1870; x_wconf 89' lang='lat' dir='ltr'><em>Et</em></span> <span class='ocrx_word' id='word_1_112' title='bbox 1439 1827 1548 1871; x_wconf 76' lang='lat' dir='ltr'><em>revera</em></span> 
     </span>
     <span class='ocr_line' id='line_1_13' title="bbox 500 1884 1546 1978; baseline 0.007 -29"><span class='ocrx_word' id='word_1_113' title='bbox 500 1884 632 1966; x_wconf 89' lang='lat' dir='ltr'><em>Paulus,</em></span> <span class='ocrx_word' id='word_1_114' title='bbox 654 1886 710 1974; x_wconf 92' lang='lat' dir='ltr'><em>qui</em></span> <span class='ocrx_word' id='word_1_115' title='bbox 731 1888 877 1954; x_wconf 89' lang='lat' dir='ltr'>Verbum</span> <span class='ocrx_word' id='word_1_116' title='bbox 899 1889 964 1954; x_wconf 90' lang='lat' dir='ltr'><em>Dei</em></span> <span class='ocrx_word' id='word_1_117' title='bbox 986 1910 1090 1975; x_wconf 90' lang='lat' dir='ltr'><em>neque</em></span> <span class='ocrx_word' id='word_1_118' title='bbox 1113 1889 1363 1970; x_wconf 85' lang='lat' dir='ltr'><em>substantivum,</em></span> <span class='ocrx_word' id='word_1_119' title='bbox 1388 1912 1447 1956; x_wconf 91' lang='lat' dir='ltr'><em>nec</em></span> <span class='ocrx_word' id='word_1_120' title='bbox 1469 1914 1546 1978; x_wconf 89' lang='lat' dir='ltr'><em>per-</em></span> 
     </span>
     <span class='ocr_line' id='line_1_14' title="bbox 499 1971 1548 2053; baseline 0.005 -16"><span class='ocrx_word' id='word_1_121' title='bbox 499 1971 611 2037; x_wconf 86' lang='lat' dir='ltr'><em>sonale</em></span> <span class='ocrx_word' id='word_1_122' title='bbox 631 1994 702 2037; x_wconf 86' lang='lat' dir='ltr'><em>esse</em></span> <span class='ocrx_word' id='word_1_123' title='bbox 719 1974 887 2039; x_wconf 88' lang='lat' dir='ltr'><em>confessus</em></span> <span class='ocrx_word' id='word_1_124' title='bbox 907 1987 968 2053; x_wconf 89' lang='lat' dir='ltr'><em>est,</em></span> <span class='ocrx_word' id='word_1_125' title='bbox 991 1974 1054 2038; x_wconf 92' lang='lat' dir='ltr'><em>hoc</em></span> <span class='ocrx_word' id='word_1_126' title='bbox 1075 1974 1161 2040; x_wconf 89' lang='lat' dir='ltr'><em>idem</em></span> <span class='ocrx_word' id='word_1_127' title='bbox 1177 1976 1323 2041; x_wconf 86' lang='lat' dir='ltr'><strong>Verbum</strong></span> <span class='ocrx_word' id='word_1_128' title='bbox 1345 1976 1462 2043; x_wconf 90' lang='lat' dir='ltr'><em>Filium</em></span> <span class='ocrx_word' id='word_1_129' title='bbox 1480 1977 1548 2042; x_wconf 91' lang='lat' dir='ltr'><em>Dei</em></span> 
     </span>
     <span class='ocr_line' id='line_1_15' title="bbox 497 2057 1547 2139; baseline 0.004 -16"><span class='ocrx_word' id='word_1_130' title='bbox 497 2079 570 2123; x_wconf 91' lang='lat' dir='ltr'><em>esse</em></span> <span class='ocrx_word' id='word_1_131' title='bbox 585 2057 674 2124; x_wconf 91' lang='lat' dir='ltr'><em>haud</em></span> <span class='ocrx_word' id='word_1_132' title='bbox 690 2058 839 2139; x_wconf 91' lang='lat' dir='ltr'><em>docebat,</em></span> <span class='ocrx_word' id='word_1_133' title='bbox 855 2060 909 2123; x_wconf 90' lang='lat' dir='ltr'><em>sed</em></span> <span class='ocrx_word' id='word_1_134' title='bbox 924 2072 1051 2123; x_wconf 90' lang='lat' dir='ltr'><em>tantum</em></span> <span class='ocrx_word' id='word_1_135' title='bbox 1066 2059 1229 2138; x_wconf 84' lang='lat' dir='ltr'><em>statuebat</em></span> <span class='ocrx_word' id='word_1_136' title='bbox 1244 2061 1411 2127; x_wconf 88' lang='lat' dir='ltr'><em>Christum</em></span> <span class='ocrx_word' id='word_1_137' title='bbox 1429 2061 1547 2127; x_wconf 86' lang='lat' dir='ltr'><em>Filium</em></span> 
     </span>
     <span class='ocr_line' id='line_1_16' title="bbox 499 2144 1203 2231; baseline -0.003 -20"><span class='ocrx_word' id='word_1_138' title='bbox 499 2144 566 2211; x_wconf 91' lang='lat' dir='ltr'><em>Dei</em></span> <span class='ocrx_word' id='word_1_139' title='bbox 582 2144 649 2210; x_wconf 90' lang='lat' dir='ltr'><em>fieri</em></span> <span class='ocrx_word' id='word_1_140' title='bbox 661 2144 731 2231; x_wconf 88' lang='lat' dir='ltr'><em>jam</em></span> <span class='ocrx_word' id='word_1_141' title='bbox 746 2146 870 2210; x_wconf 86' lang='lat' dir='ltr'><em>factum</em></span> <span class='ocrx_word' id='word_1_142' title='bbox 885 2145 986 2210; x_wconf 87' lang='lat' dir='ltr'><em>Verbi</em></span> <span class='ocrx_word' id='word_1_143' title='bbox 1001 2144 1203 2231; x_wconf 87' lang='lat' dir='ltr'><em>participem.</em></span> 
     </span>
    </p>

    <p class='ocr_par' dir='ltr' id='par_1_4' title="bbox 487 2230 1589 2831">
     <span class='ocr_line' id='line_1_17' title="bbox 545 2230 1548 2317; baseline 0.002 -22"><span class='ocrx_word' id='word_1_144' title='bbox 545 2232 580 2295; x_wconf 89' lang='lat' dir='ltr'><em>P.</em></span> <span class='ocrx_word' id='word_1_145' title='bbox 592 2242 663 2296; x_wconf 83' lang='lat'><strong>485.</strong></span> <span class='ocrx_word' id='word_1_146' title='bbox 678 2232 700 2295; x_wconf 92' lang='lat' dir='ltr'><em>l.</em></span> <span class='ocrx_word' id='word_1_147' title='bbox 715 2246 762 2297; x_wconf 85' lang='lat'><em>12.</em></span> <span class='ocrx_word' id='word_1_148' title='bbox 785 2234 832 2310; x_wconf 80' lang='grc' dir='ltr'><em>τὴν</em></span> <span class='ocrx_word' id='word_1_149' title='bbox 851 2232 879 2294; x_wconf 79' lang='grc' dir='ltr'><em>δὲ</em></span> <span class='ocrx_word' id='word_1_150' title='bbox 897 2230 1056 2317; x_wconf 69' lang='lat' dir='ltr'><em>aurionno]</em></span> <span class='ocrx_word' id='word_1_151' title='bbox 1077 2230 1323 2296; x_wconf 87' lang='lat' dir='ltr'><em>Humanitatem</em></span> <span class='ocrx_word' id='word_1_152' title='bbox 1340 2232 1447 2297; x_wconf 89' lang='lat' dir='ltr'><em>aiebat</em></span> <span class='ocrx_word' id='word_1_153' title='bbox 1464 2234 1548 2298; x_wconf 91' lang='lat' dir='ltr'><em>Pau·</em></span> 
     </span>
     <span class='ocr_line' id='line_1_18' title="bbox 487 2315 1549 2403; baseline 0.003 -22"><span class='ocrx_word' id='word_1_154' title='bbox 487 2315 552 2381; x_wconf 73' lang='lat' dir='ltr'><em>&#39;lue</em></span> <span class='ocrx_word' id='word_1_155' title='bbox 569 2317 691 2383; x_wconf 85' lang='lat' dir='ltr'><em>unitam</em></span> <span class='ocrx_word' id='word_1_156' title='bbox 708 2338 778 2383; x_wconf 91' lang='lat' dir='ltr'><em>esse</em></span> <span class='ocrx_word' id='word_1_157' title='bbox 790 2340 867 2383; x_wconf 88' lang='lat' dir='ltr'><em>cum</em></span> <span class='ocrx_word' id='word_1_158' title='bbox 883 2317 1049 2403; x_wconf 82' lang='lat' dir='ltr'><em>sapientia,</em></span> <span class='ocrx_word' id='word_1_159' title='bbox 1065 2316 1150 2382; x_wconf 90' lang='lat' dir='ltr'><em>sicut</em></span> <span class='ocrx_word' id='word_1_160' title='bbox 1164 2316 1333 2403; x_wconf 85' lang='lat' dir='ltr'><em>disciplina</em></span> <span class='ocrx_word' id='word_1_161' title='bbox 1348 2319 1458 2383; x_wconf 87' lang='lat' dir='ltr'><em>unitur</em></span> <span class='ocrx_word' id='word_1_162' title='bbox 1471 2341 1549 2384; x_wconf 90' lang='lat' dir='ltr'><em>cum</em></span> 
     </span>
     <span class='ocr_line' id='line_1_19' title="bbox 500 2402 1549 2504; baseline 0.003 -37"><span class='ocrx_word' id='word_1_163' title='bbox 500 2402 646 2468; x_wconf 89' lang='lat' dir='ltr'><em>discente</em></span> <span class='ocrx_word' id='word_1_164' title='bbox 659 2424 715 2490; x_wconf 89' lang='lat' dir='ltr'><em>per</em></span> <span class='ocrx_word' id='word_1_165' title='bbox 729 2403 1021 2504; x_wconf 86' lang='lat' dir='ltr'><em>participationem.</em></span> <span class='ocrx_word' id='word_1_166' title='bbox 1039 2402 1302 2469; x_wconf 73' lang='lat' dir='ltr'><em>H.Cuu1s1us.</em></span> <span class='ocrx_word' id='word_1_167' title='bbox 1340 2404 1496 2469; x_wconf 89' lang='lat' dir='ltr'><em>Similiter</em></span> <span class='ocrx_word' id='word_1_168' title='bbox 1507 2404 1549 2470; x_wconf 90' lang='lat' dir='ltr'><em>de</em></span> 
     </span>
     <span class='ocr_line' id='line_1_20' title="bbox 500 2487 1549 2597; baseline 0.001 -44"><span class='ocrx_word' id='word_1_169' title='bbox 500 2489 674 2567; x_wconf 90' lang='lat' dir='ltr'><em>Ebionitis,</em></span> <span class='ocrx_word' id='word_1_170' title='bbox 691 2512 756 2553; x_wconf 91' lang='lat' dir='ltr'><em>non</em></span> <span class='ocrx_word' id='word_1_171' title='bbox 779 2489 820 2555; x_wconf 91' lang='lat' dir='ltr'><em>de</em></span> <span class='ocrx_word' id='word_1_172' title='bbox 843 2511 915 2576; x_wconf 74' lang='lat' dir='ltr'><em>ipso</em></span> <span class='ocrx_word' id='word_1_173' title='bbox 939 2490 1075 2568; x_wconf 87' lang='lat' dir='ltr'><em>Ebione,</em></span> <span class='ocrx_word' id='word_1_174' title='bbox 1094 2488 1308 2597; x_wconf 86' lang='lat' dir='ltr'><em>Epiphanius,</em></span> <span class='ocrx_word' id='word_1_175' title='bbox 1326 2489 1372 2553; x_wconf 78' lang='grc' dir='ltr'><em>τὸν</em></span> <span class='ocrx_word' id='word_1_176' title='bbox 1393 2491 1420 2553; x_wconf 79' lang='grc' dir='ltr'><em>δὲ</em></span> <span class='ocrx_word' id='word_1_177' title='bbox 1444 2487 1549 2577; x_wconf 59' lang='lat' dir='ltr'><em>Xon-ii</em></span> 
     </span>
     <span class='ocr_line' id='line_1_21' title="bbox 500 2573 1589 2663; baseline 0.002 -24"><span class='ocrx_word' id='word_1_178' title='bbox 500 2575 646 2661; x_wconf 69' lang='grc' dir='ltr'><strong><em>προφήτην</em></strong></span> <span class='ocrx_word' id='word_1_179' title='bbox 660 2573 777 2660; x_wconf 79' lang='grc' dir='ltr'><strong><em>λέγουσι</em></strong></span> <span class='ocrx_word' id='word_1_180' title='bbox 792 2581 840 2654; x_wconf 80' lang='grc' dir='ltr'><em>τῆς</em></span> <span class='ocrx_word' id='word_1_181' title='bbox 854 2578 1000 2654; x_wconf 72' lang='grc' dir='ltr'><em>ἀληθείας,</em></span> <span class='ocrx_word' id='word_1_182' title='bbox 1015 2577 1063 2638; x_wconf 79' lang='grc' dir='ltr'><em>καὶ</em></span> <span class='ocrx_word' id='word_1_183' title='bbox 1079 2580 1182 2662; x_wconf 79' lang='grc' dir='ltr'><strong><em>Χροςον</em></strong></span> <span class='ocrx_word' id='word_1_184' title='bbox 1195 2574 1250 2640; x_wconf 81' lang='lat' dir='ltr'><em>aiio</em></span> <span class='ocrx_word' id='word_1_185' title='bbox 1263 2577 1339 2640; x_wconf 81' lang='grc' dir='ltr'><em>Θεοῦ</em></span> <span class='ocrx_word' id='word_1_186' title='bbox 1355 2580 1431 2641; x_wconf 80' lang='grc' dir='ltr'><strong><em>κοντοὶ</em></strong></span> <span class='ocrx_word' id='word_1_187' title='bbox 1445 2602 1548 2663; x_wconf 74' lang='lat' dir='ltr'><em>apono-</em></span> <span class='ocrx_word' id='word_1_188' title='bbox 1587 2660 1589 2662; x_wconf 15' lang='grc' dir='ltr'>Ι</span> 
     </span>
     <span class='ocr_line' id='line_1_22' title="bbox 500 2660 1549 2749; baseline -0.001 -25"><span class='ocrx_word' id='word_1_189' title='bbox 500 2664 563 2739; x_wconf 69' lang='lat' dir='ltr'><em>nie,</em></span> <span class='ocrx_word' id='word_1_190' title='bbox 579 2662 626 2725; x_wconf 82' lang='lat' dir='ltr'><em>nai</em></span> <span class='ocrx_word' id='word_1_191' title='bbox 642 2666 718 2724; x_wconf 81' lang='lat' dir='ltr'><em>nard</em></span> <span class='ocrx_word' id='word_1_192' title='bbox 735 2662 882 2744; x_wconf 80' lang='grc' dir='ltr'><strong><em>ουνίιφενοον</em></strong></span> <span class='ocrx_word' id='word_1_193' title='bbox 898 2666 1050 2747; x_wconf 81' lang='grc' dir='ltr'><em>ἀναγωγῆς</em></span> <span class='ocrx_word' id='word_1_194' title='bbox 1064 2668 1112 2738; x_wconf 78' lang='grc' dir='ltr'><em>τῆς</em></span> <span class='ocrx_word' id='word_1_195' title='bbox 1126 2660 1231 2725; x_wconf 72' lang='grc' dir='ltr'><em>ἄνωθεν</em></span> <span class='ocrx_word' id='word_1_196' title='bbox 1243 2660 1316 2748; x_wconf 69' lang='grc' dir='ltr'><strong><em>πρὸς</em></strong></span> <span class='ocrx_word' id='word_1_197' title='bbox 1332 2660 1412 2727; x_wconf 71' lang='grc' dir='ltr'><strong><em>αὐτὸν</em></strong></span> <span class='ocrx_word' id='word_1_198' title='bbox 1427 2663 1549 2749; x_wconf 70' lang='grc' dir='ltr'><em>γεγενη-</em></span> 
     </span>
     <span class='ocr_line' id='line_1_23' title="bbox 499 2746 1318 2831; baseline 0.001 -22"><span class='ocrx_word' id='word_1_199' title='bbox 499 2746 593 2831; x_wconf 79' lang='grc' dir='ltr'><strong><em>μένης.</em></strong></span> <span class='ocrx_word' id='word_1_200' title='bbox 616 2746 741 2812; x_wconf 82' lang='lat' dir='ltr'><em>Haeres.</em></span> <span class='ocrx_word' id='word_1_201' title='bbox 756 2770 830 2812; x_wconf 86' lang='lat' dir='ltr'><strong>xxx.</strong></span> <span class='ocrx_word' id='word_1_202' title='bbox 846 2770 935 2812; x_wconf 91' lang='lat' dir='ltr'><em>num.</em></span> <span class='ocrx_word' id='word_1_203' title='bbox 951 2761 998 2811; x_wconf 87' lang='lat'><em>18.</em></span> <span class='ocrx_word' id='word_1_204' title='bbox 1023 2746 1147 2812; x_wconf 88' lang='lat' dir='ltr'><em>Confer</em></span> <span class='ocrx_word' id='word_1_205' title='bbox 1161 2769 1250 2811; x_wconf 88' lang='lat' dir='ltr'><em>num.</em></span> <span class='ocrx_word' id='word_1_206' title='bbox 1267 2760 1318 2811; x_wconf 83' lang='lat'><em>34.</em></span> 
     </span>
    </p>

    <p class='ocr_par' dir='ltr' id='par_1_5' title="bbox 452 2831 1549 3073">
     <span class='ocr_line' id='line_1_24' title="bbox 546 2831 1549 2923; baseline 0.002 -26"><span class='ocrx_word' id='word_1_207' title='bbox 546 2832 631 2898; x_wconf 91' lang='lat' dir='ltr'><em>Ibid.</em></span> <span class='ocrx_word' id='word_1_208' title='bbox 654 2831 718 2919; x_wconf 75' lang='lat' dir='ltr'><em>vla]</em></span> <span class='ocrx_word' id='word_1_209' title='bbox 737 2834 789 2899; x_wconf 89' lang='lat' dir='ltr'><em>Sic</em></span> <span class='ocrx_word' id='word_1_210' title='bbox 807 2832 911 2899; x_wconf 78' lang='lat' dir='ltr'><em>Codex</em></span> <span class='ocrx_word' id='word_1_211' title='bbox 924 2832 1018 2899; x_wconf 88' lang='lat' dir='ltr'><em>Bodl.</em></span> <span class='ocrx_word' id='word_1_212' title='bbox 1035 2847 1070 2900; x_wconf 88' lang='lat' dir='ltr'><em>et</em></span> <span class='ocrx_word' id='word_1_213' title='bbox 1085 2834 1242 2919; x_wconf 76' lang='lat' dir='ltr'><em>lateopres</em></span> <span class='ocrx_word' id='word_1_214' title='bbox 1257 2831 1404 2912; x_wconf 85' lang='lat' dir='ltr'><em>Latinas,</em></span> <span class='ocrx_word' id='word_1_215' title='bbox 1414 2834 1475 2923; x_wconf 10' lang='lat' dir='ltr'><em>*qui</em></span> <span class='ocrx_word' id='word_1_216' title='bbox 1489 2832 1549 2899; x_wconf 89' lang='lat' dir='ltr'><em>ha·</em></span> 
     </span>
     <span class='ocr_line' id='line_1_25' title="bbox 452 2917 1549 3008; baseline 0.003 -24"><span class='ocrx_word' id='word_1_217' title='bbox 452 2925 457 2928; x_wconf 77' lang='grc'><strong>’</strong></span> <span class='ocrx_word' id='word_1_218' title='bbox 499 2918 568 3000; x_wconf 88' lang='lat' dir='ltr'><em>bet,</em></span> <span class='ocrx_word' id='word_1_219' title='bbox 583 2917 738 3007; x_wconf 79' lang='lat' dir='ltr'><em>intellige,</em></span> <span class='ocrx_word' id='word_1_220' title='bbox 754 2919 811 2986; x_wconf 89' lang='lat' dir='ltr'><em>sed</em></span> <span class='ocrx_word' id='word_1_221' title='bbox 829 2920 966 2987; x_wconf 81' lang='lat' dir='ltr'><em>fortasse</em></span> <span class='ocrx_word' id='word_1_222' title='bbox 987 2920 1162 3008; x_wconf 85' lang='lat' dir='ltr'><em>legendum</em></span> <span class='ocrx_word' id='word_1_223' title='bbox 1184 2932 1235 2985; x_wconf 89' lang='lat' dir='ltr'><em>est</em></span> <span class='ocrx_word' id='word_1_224' title='bbox 1255 2924 1318 3001; x_wconf 77' lang='lat' dir='ltr'><em>roei,</em></span> <span class='ocrx_word' id='word_1_225' title='bbox 1335 2934 1371 2985; x_wconf 94' lang='lat' dir='ltr'><em>ut</em></span> <span class='ocrx_word' id='word_1_226' title='bbox 1389 2920 1430 2986; x_wconf 90' lang='lat' dir='ltr'><em>de</em></span> <span class='ocrx_word' id='word_1_227' title='bbox 1448 2922 1549 2988; x_wconf 89' lang='lat' dir='ltr'><em>Paulo</em></span> 
     </span>
     <span class='ocr_line' id='line_1_26' title="bbox 500 3005 719 3073; baseline -0.014 -2"><span class='ocrx_word' id='word_1_228' title='bbox 500 3005 566 3073; x_wconf 85' lang='lat' dir='ltr'><em>hoc</em></span> <span class='ocrx_word' id='word_1_229' title='bbox 583 3005 719 3070; x_wconf 89' lang='lat' dir='ltr'><em>dicatur.</em></span> 
     </span>
    </p>

    <p class='ocr_par' dir='ltr' id='par_1_6' title="bbox 459 3089 1549 4361">
     <span class='ocr_line' id='line_1_27' title="bbox 539 3089 1547 3179; baseline 0.001 -23"><span class='ocrx_word' id='word_1_230' title='bbox 539 3091 633 3157; x_wconf 86' lang='lat' dir='ltr'><em>¹Ibid.</em></span> <span class='ocrx_word' id='word_1_231' title='bbox 650 3091 673 3156; x_wconf 86' lang='lat' dir='ltr'><em>l.</em></span> <span class='ocrx_word' id='word_1_232' title='bbox 689 3098 736 3154; x_wconf 88' lang='lat'><em>16.</em></span> <span class='ocrx_word' id='word_1_233' title='bbox 758 3089 836 3154; x_wconf 76' lang='grc' dir='ltr'>Οὔτε</span> <span class='ocrx_word' id='word_1_234' title='bbox 849 3090 877 3154; x_wconf 79' lang='lat' dir='ltr'><em>di</em></span> <span class='ocrx_word' id='word_1_235' title='bbox 891 3098 945 3155; x_wconf 80' lang='grc' dir='ltr'><em>τῶν</em></span> <span class='ocrx_word' id='word_1_236' title='bbox 960 3091 1135 3178; x_wconf 72' lang='grc' dir='ltr'><strong><em>ἀνθρωπίνων</em></strong></span> <span class='ocrx_word' id='word_1_237' title='bbox 1148 3091 1345 3178; x_wconf 75' lang='grc' dir='ltr'><strong><em>προηγεμένως</em></strong></span> <span class='ocrx_word' id='word_1_238' title='bbox 1360 3099 1458 3156; x_wconf 69' lang='grc' dir='ltr'><strong><em>παθῶν</em></strong></span> <span class='ocrx_word' id='word_1_239' title='bbox 1471 3093 1547 3179; x_wconf 82' lang='lat' dir='ltr'><em>&amp;c.]</em></span> 
     </span>
     <span class='ocr_line' id='line_1_28' title="bbox 501 3175 1547 3264; baseline -0.001 -21"><span class='ocrx_word' id='word_1_240' title='bbox 501 3177 624 3243; x_wconf 88' lang='lat' dir='ltr'><em>Statuit</em></span> <span class='ocrx_word' id='word_1_241' title='bbox 635 3190 732 3264; x_wconf 88' lang='lat' dir='ltr'><em>atque</em></span> <span class='ocrx_word' id='word_1_242' title='bbox 744 3176 849 3240; x_wconf 89' lang='lat' dir='ltr'><em>firmat</em></span> <span class='ocrx_word' id='word_1_243' title='bbox 861 3176 914 3241; x_wconf 88' lang='lat' dir='ltr'><em>hic</em></span> <span class='ocrx_word' id='word_1_244' title='bbox 925 3175 1060 3262; x_wconf 83' lang='lat' dir='ltr'><em>insignis</em></span> <span class='ocrx_word' id='word_1_245' title='bbox 1073 3177 1164 3240; x_wconf 85' lang='lat' dir='ltr'><em>locus</em></span> <span class='ocrx_word' id='word_1_246' title='bbox 1176 3176 1299 3262; x_wconf 83' lang='lat' dir='ltr'><em>dogma</em></span> <span class='ocrx_word' id='word_1_247' title='bbox 1312 3177 1414 3256; x_wconf 85' lang='lat' dir='ltr'><em>istud3</em></span> <span class='ocrx_word' id='word_1_248' title='bbox 1430 3178 1547 3242; x_wconf 81' lang='lat' dir='ltr'><em>existe·</em></span> 
     </span>
     <span class='ocr_line' id='line_1_29' title="bbox 490 3261 1549 3348; baseline 0 -19"><span class='ocrx_word' id='word_1_249' title='bbox 490 3286 537 3330; x_wconf 86' lang='lat' dir='ltr'><em>re</em></span> <span class='ocrx_word' id='word_1_250' title='bbox 560 3262 888 3329; x_wconf 88' lang='lat' dir='ltr'><em>communicationem</em></span> <span class='ocrx_word' id='word_1_251' title='bbox 909 3262 1156 3348; x_wconf 90' lang='lat' dir='ltr'><em>proprietatum,</em></span> <span class='ocrx_word' id='word_1_252' title='bbox 1174 3284 1233 3326; x_wconf 89' lang='lat' dir='ltr'><em>seu</em></span> <span class='ocrx_word' id='word_1_253' title='bbox 1254 3261 1448 3326; x_wconf 88' lang='lat' dir='ltr'><em>idiomatum</em></span> <span class='ocrx_word' id='word_1_254' title='bbox 1469 3265 1549 3329; x_wconf 92' lang='lat' dir='ltr'><em>utri·</em></span> 
     </span>
     <span class='ocr_line' id='line_1_30' title="bbox 500 3346 1548 3437; baseline -0.002 -22"><span class='ocrx_word' id='word_1_255' title='bbox 500 3372 605 3437; x_wconf 90' lang='lat' dir='ltr'><em>usque</em></span> <span class='ocrx_word' id='word_1_256' title='bbox 620 3363 744 3413; x_wconf 85' lang='lat' dir='ltr'><em>naturae</em></span> <span class='ocrx_word' id='word_1_257' title='bbox 760 3347 895 3426; x_wconf 89' lang='lat' dir='ltr'><em>Christi,</em></span> <span class='ocrx_word' id='word_1_258' title='bbox 912 3370 1049 3435; x_wconf 90' lang='lat' dir='ltr'><em>quarum</em></span> <span class='ocrx_word' id='word_1_259' title='bbox 1065 3348 1227 3412; x_wconf 88' lang='lat' dir='ltr'><em>nonnullae</em></span> <span class='ocrx_word' id='word_1_260' title='bbox 1243 3346 1284 3411; x_wconf 93' lang='lat' dir='ltr'><em>ad</em></span> <span class='ocrx_word' id='word_1_261' title='bbox 1300 3347 1473 3412; x_wconf 87' lang='lat' dir='ltr'><em>humanam</em></span> <span class='ocrx_word' id='word_1_262' title='bbox 1491 3371 1548 3413; x_wconf 88' lang='lat' dir='ltr'><em>na-</em></span> 
     </span>
     <span class='ocr_line' id='line_1_31' title="bbox 501 3433 1548 3520; baseline -0.002 -19"><span class='ocrx_word' id='word_1_263' title='bbox 501 3450 610 3502; x_wconf 89' lang='lat' dir='ltr'><em>turam</em></span> <span class='ocrx_word' id='word_1_264' title='bbox 634 3457 729 3500; x_wconf 88' lang='lat' dir='ltr'><em>sensu</em></span> <span class='ocrx_word' id='word_1_265' title='bbox 749 3434 902 3520; x_wconf 89' lang='lat' dir='ltr'><em>primario</em></span> <span class='ocrx_word' id='word_1_266' title='bbox 922 3456 961 3498; x_wconf 90' lang='lat' dir='ltr'><em>ac</em></span> <span class='ocrx_word' id='word_1_267' title='bbox 978 3435 1143 3519; x_wconf 88' lang='lat' dir='ltr'><em>praecipuo</em></span> <span class='ocrx_word' id='word_1_268' title='bbox 1163 3434 1335 3520; x_wconf 88' lang='lat' dir='ltr'><em>pertinent,</em></span> <span class='ocrx_word' id='word_1_269' title='bbox 1350 3433 1420 3498; x_wconf 84' lang='lat' dir='ltr'><em>aliae</em></span> <span class='ocrx_word' id='word_1_270' title='bbox 1439 3447 1548 3499; x_wconf 87' lang='lat' dir='ltr'><em>autem</em></span> 
     </span>
     <span class='ocr_line' id='line_1_32' title="bbox 502 3519 1549 3606; baseline -0.002 -20"><span class='ocrx_word' id='word_1_271' title='bbox 502 3521 619 3586; x_wconf 91' lang='lat' dir='ltr'><em>eodem</em></span> <span class='ocrx_word' id='word_1_272' title='bbox 643 3543 738 3585; x_wconf 89' lang='lat' dir='ltr'><em>sensu</em></span> <span class='ocrx_word' id='word_1_273' title='bbox 760 3520 801 3584; x_wconf 91' lang='lat' dir='ltr'><em>ad</em></span> <span class='ocrx_word' id='word_1_274' title='bbox 825 3519 961 3584; x_wconf 89' lang='lat' dir='ltr'><em>divinam</em></span> <span class='ocrx_word' id='word_1_275' title='bbox 974 3544 983 3598; x_wconf 83' lang='lat'><em>3</em></span> <span class='ocrx_word' id='word_1_276' title='bbox 1013 3520 1151 3606; x_wconf 86' lang='lat' dir='ltr'><em>singulae</em></span> <span class='ocrx_word' id='word_1_277' title='bbox 1175 3542 1249 3584; x_wconf 91' lang='lat' dir='ltr'><em>vero</em></span> <span class='ocrx_word' id='word_1_278' title='bbox 1273 3520 1484 3606; x_wconf 86' lang='lat' dir='ltr'><em>proprietates</em></span> <span class='ocrx_word' id='word_1_279' title='bbox 1508 3519 1549 3586; x_wconf 89' lang='lat' dir='ltr'><em>de</em></span> 
     </span>
     <span class='ocr_line' id='line_1_33' title="bbox 501 3605 1549 3694; baseline -0.002 -21"><span class='ocrx_word' id='word_1_280' title='bbox 501 3622 641 3694; x_wconf 91' lang='lat' dir='ltr'><em>utraque</em></span> <span class='ocrx_word' id='word_1_281' title='bbox 655 3621 770 3672; x_wconf 87' lang='lat' dir='ltr'><em>natura</em></span> <span class='ocrx_word' id='word_1_282' title='bbox 792 3605 908 3670; x_wconf 88' lang='lat' dir='ltr'><em>saltem</em></span> <span class='ocrx_word' id='word_1_283' title='bbox 928 3610 1004 3670; x_wconf 71' lang='grc' dir='ltr'><strong><em>κοινοὶ</em></strong></span> <span class='ocrx_word' id='word_1_284' title='bbox 1018 3608 1136 3690; x_wconf 80' lang='grc' dir='ltr'><em>δεύτερον</em></span> <span class='ocrx_word' id='word_1_285' title='bbox 1150 3605 1248 3691; x_wconf 77' lang='grc' dir='ltr'><strong><em>λόγον,</em></strong></span> <span class='ocrx_word' id='word_1_286' title='bbox 1263 3605 1295 3670; x_wconf 91' lang='lat' dir='ltr'><em>id</em></span> <span class='ocrx_word' id='word_1_287' title='bbox 1310 3619 1370 3684; x_wconf 88' lang='lat' dir='ltr'><em>est,</em></span> <span class='ocrx_word' id='word_1_288' title='bbox 1387 3628 1484 3670; x_wconf 86' lang='lat' dir='ltr'><em>sensu</em></span> <span class='ocrx_word' id='word_1_289' title='bbox 1498 3628 1549 3671; x_wconf 90' lang='lat' dir='ltr'><em>se-</em></span> 
     </span>
     <span class='ocr_line' id='line_1_34' title="bbox 502 3691 1548 3779; baseline 0 -21"><span class='ocrx_word' id='word_1_290' title='bbox 502 3693 659 3758; x_wconf 90' lang='lat' dir='ltr'><em>cundario</em></span> <span class='ocrx_word' id='word_1_291' title='bbox 673 3691 886 3779; x_wconf 88' lang='lat' dir='ltr'><em>praedicandae</em></span> <span class='ocrx_word' id='word_1_292' title='bbox 902 3705 987 3757; x_wconf 89' lang='lat' dir='ltr'><em>sunt.</em></span> <span class='ocrx_word' id='word_1_293' title='bbox 1020 3691 1130 3757; x_wconf 89' lang='lat' dir='ltr'><em>Vertit</em></span> <span class='ocrx_word' id='word_1_294' title='bbox 1143 3691 1249 3756; x_wconf 86' lang='lat' dir='ltr'><em>minus</em></span> <span class='ocrx_word' id='word_1_295' title='bbox 1264 3693 1345 3756; x_wconf 88' lang='lat' dir='ltr'><em>bene</em></span> <span class='ocrx_word' id='word_1_296' title='bbox 1359 3691 1548 3772; x_wconf 87' lang='lat' dir='ltr'><em>Turrianus,</em></span> 
     </span>
     <span class='ocr_line' id='line_1_35' title="bbox 499 3777 1549 3866; baseline 0 -22"><span class='ocrx_word' id='word_1_297' title='bbox 499 3779 682 3866; x_wconf 77' lang='lat' dir='ltr'><em>passionario</em></span> <span class='ocrx_word' id='word_1_298' title='bbox 703 3777 910 3842; x_wconf 83' lang='lat' dir='ltr'><em>hromaaarano</em></span> <span class='ocrx_word' id='word_1_299' title='bbox 931 3777 1149 3863; x_wconf 83' lang='lat' dir='ltr'><em>principaliter</em></span> <span class='ocrx_word' id='word_1_300' title='bbox 1171 3791 1280 3862; x_wconf 75' lang='lat' dir='ltr'><em>expers</em></span> <span class='ocrx_word' id='word_1_301' title='bbox 1295 3787 1375 3858; x_wconf 84' lang='lat' dir='ltr'><em>erat,</em></span> <span class='ocrx_word' id='word_1_302' title='bbox 1391 3790 1489 3864; x_wconf 91' lang='lat' dir='ltr'><em>atque</em></span> <span class='ocrx_word' id='word_1_303' title='bbox 1503 3778 1549 3844; x_wconf 85' lang='lat' dir='ltr'><em>ita</em></span> 
     </span>
     <span class='ocr_line' id='line_1_36' title="bbox 502 3863 1548 3952; baseline -0.001 -21"><span class='ocrx_word' id='word_1_304' title='bbox 502 3867 536 3932; x_wconf 90' lang='lat' dir='ltr'><em>in</em></span> <span class='ocrx_word' id='word_1_305' title='bbox 553 3863 780 3952; x_wconf 89' lang='lat' dir='ltr'><em>sequentibus;</em></span> <span class='ocrx_word' id='word_1_306' title='bbox 803 3886 877 3928; x_wconf 92' lang='lat' dir='ltr'><em>nam</em></span> <span class='ocrx_word' id='word_1_307' title='bbox 897 3878 1037 3951; x_wconf 90' lang='lat' dir='ltr'><em>utroque</em></span> <span class='ocrx_word' id='word_1_308' title='bbox 1059 3864 1135 3929; x_wconf 89' lang='lat' dir='ltr'><em>loco</em></span> <span class='ocrx_word' id='word_1_309' title='bbox 1155 3886 1226 3937; x_wconf 61' lang='lat' dir='ltr'><em>vox,</em></span> <span class='ocrx_word' id='word_1_310' title='bbox 1235 3863 1452 3952; x_wconf 70' lang='grc' dir='ltr'><strong><em>προηγουμένως</em></strong></span> <span class='ocrx_word' id='word_1_311' title='bbox 1471 3886 1548 3930; x_wconf 91' lang='lat' dir='ltr'><em>cum</em></span> 
     </span>
     <span class='ocr_line' id='line_1_37' title="bbox 503 3948 1548 4037; baseline -0.003 -20"><span class='ocrx_word' id='word_1_312' title='bbox 503 3951 604 4017; x_wconf 82' lang='lat' dir='ltr'><em>altera</em></span> <span class='ocrx_word' id='word_1_313' title='bbox 614 3951 801 4037; x_wconf 69' lang='grc' dir='ltr'><strong><em>ἀνθρωπίνων,</em></strong></span> <span class='ocrx_word' id='word_1_314' title='bbox 813 3950 863 4014; x_wconf 89' lang='lat' dir='ltr'><em>vel</em></span> <span class='ocrx_word' id='word_1_315' title='bbox 876 3951 966 4028; x_wconf 70' lang='grc' dir='ltr'><em>θείων,</em></span> <span class='ocrx_word' id='word_1_316' title='bbox 981 3948 1209 4036; x_wconf 85' lang='lat' dir='ltr'><em>conjungenda</em></span> <span class='ocrx_word' id='word_1_317' title='bbox 1221 3962 1281 4014; x_wconf 84' lang='lat' dir='ltr'><em>est.</em></span> <span class='ocrx_word' id='word_1_318' title='bbox 1309 3950 1344 4013; x_wconf 91' lang='lat' dir='ltr'>H</span> <span class='ocrx_word' id='word_1_319' title='bbox 1346 3970 1386 4013; x_wconf 93' lang='lat' dir='ltr'><em>oc</em></span> <span class='ocrx_word' id='word_1_320' title='bbox 1397 3949 1476 4014; x_wconf 88' lang='lat' dir='ltr'><em>vidit</em></span> <span class='ocrx_word' id='word_1_321' title='bbox 1489 3972 1548 4037; x_wconf 90' lang='lat' dir='ltr'><em>pa·</em></span> 
     </span>
     <span class='ocr_line' id='line_1_38' title="bbox 504 4034 1549 4123; baseline 0.001 -21"><span class='ocrx_word' id='word_1_322' title='bbox 504 4050 554 4102; x_wconf 90' lang='lat' dir='ltr'><em>ter</em></span> <span class='ocrx_word' id='word_1_323' title='bbox 574 4059 666 4102; x_wconf 91' lang='lat' dir='ltr'><em>meus</em></span> <span class='ocrx_word' id='word_1_324' title='bbox 689 4036 891 4116; x_wconf 88' lang='lat' dir='ltr'><em>reverendus,</em></span> <span class='ocrx_word' id='word_1_325' title='bbox 912 4042 925 4099; x_wconf 80' lang='lat' dir='ltr'><em>l</em></span> <span class='ocrx_word' id='word_1_326' title='bbox 948 4043 991 4101; x_wconf 82' lang='grc' dir='ltr'><em>νῦν</em></span> <span class='ocrx_word' id='word_1_327' title='bbox 1010 4040 1038 4098; x_wconf 82' lang='grc' dir='ltr'><em>ἐν</em></span> <span class='ocrx_word' id='word_1_328' title='bbox 1057 4037 1155 4123; x_wconf 70' lang='grc' dir='ltr'><em>εἰρήνη,</em></span> <span class='ocrx_word' id='word_1_329' title='bbox 1168 4057 1267 4122; x_wconf 90' lang='lat' dir='ltr'><em>quem</em></span> <span class='ocrx_word' id='word_1_330' title='bbox 1287 4034 1447 4114; x_wconf 90' lang='lat' dir='ltr'><em>consului,</em></span> <span class='ocrx_word' id='word_1_331' title='bbox 1460 4051 1494 4101; x_wconf 93' lang='lat' dir='ltr'><em>et</em></span> <span class='ocrx_word' id='word_1_332' title='bbox 1515 4038 1549 4103; x_wconf 87' lang='lat' dir='ltr'><em>in</em></span> 
     </span>
     <span class='ocr_line' id='line_1_39' title="bbox 503 4121 1549 4210; baseline -0.001 -22"><span class='ocrx_word' id='word_1_333' title='bbox 503 4122 697 4210; x_wconf 88' lang='lat' dir='ltr'><em>exponendo</em></span> <span class='ocrx_word' id='word_1_334' title='bbox 722 4122 796 4186; x_wconf 93' lang='lat' dir='ltr'><em>loco</em></span> <span class='ocrx_word' id='word_1_335' title='bbox 821 4138 950 4187; x_wconf 89' lang='lat' dir='ltr'><em>secutus</em></span> <span class='ocrx_word' id='word_1_336' title='bbox 977 4145 1062 4186; x_wconf 87' lang='lat' dir='ltr'><em>sum.</em></span> <span class='ocrx_word' id='word_1_337' title='bbox 1111 4121 1167 4186; x_wconf 85' lang='lat' dir='ltr'><em>Ad</em></span> <span class='ocrx_word' id='word_1_338' title='bbox 1194 4141 1305 4185; x_wconf 88' lang='lat' dir='ltr'><em>vocem</em></span> <span class='ocrx_word' id='word_1_339' title='bbox 1331 4121 1549 4208; x_wconf 71' lang='grc' dir='ltr'><strong><em>προηγουμένως</em></strong></span> 
     </span>
     <span class='ocr_line' id='line_1_40' title="bbox 459 4207 1548 4361; baseline 0.002 -89"><span class='ocrx_word' id='word_1_340' title='bbox 459 4214 463 4229; x_wconf 89' lang='grc'>’</span> <span class='ocrx_word' id='word_1_341' title='bbox 503 4208 594 4361; x_wconf 58' lang='grc' dir='ltr'><em>(ρρρά</em></span> <span class='ocrx_word' id='word_1_342' title='bbox 612 4209 741 4286; x_wconf 90' lang='lat' dir='ltr'><em>attinet,</em></span> <span class='ocrx_word' id='word_1_343' title='bbox 765 4207 853 4272; x_wconf 87' lang='lat' dir='ltr'><em>haud</em></span> <span class='ocrx_word' id='word_1_344' title='bbox 876 4208 1022 4273; x_wconf 89' lang='lat' dir='ltr'><em>dissimili</em></span> <span class='ocrx_word' id='word_1_345' title='bbox 1045 4229 1139 4272; x_wconf 90' lang='lat' dir='ltr'><em>sensu</em></span> <span class='ocrx_word' id='word_1_346' title='bbox 1161 4228 1199 4271; x_wconf 90' lang='lat' dir='ltr'><em>ea</em></span> <span class='ocrx_word' id='word_1_347' title='bbox 1220 4229 1298 4272; x_wconf 87' lang='lat' dir='ltr'><em>usus</em></span> <span class='ocrx_word' id='word_1_348' title='bbox 1319 4221 1369 4271; x_wconf 91' lang='lat' dir='ltr'><em>est</em></span> <span class='ocrx_word' id='word_1_349' title='bbox 1393 4208 1548 4288; x_wconf 85' lang='lat' dir='ltr'><em>Irenaeus,</em></span> 
     </span>
    </p>

    <p class='ocr_par' dir='ltr' id='par_1_7' title="bbox 502 4295 838 4362">
     <span class='ocr_line' id='line_1_41' title="bbox 502 4295 838 4362; baseline -0.018 0"><span class='ocrx_word' id='word_1_350' title='bbox 502 4295 515 4362; x_wconf 91' lang='lat' dir='ltr'><em>l</em></span> <span class='ocrx_word' id='word_1_351' title='bbox 553 4295 659 4358; x_wconf 87' lang='lat' dir='ltr'><em>.I.ca</em></span> <span class='ocrx_word' id='word_1_352' title='bbox 684 4295 749 4358; x_wconf 89' lang='lat' dir='ltr'><em>.ix.</em></span> <span class='ocrx_word' id='word_1_353' title='bbox 789 4307 838 4358; x_wconf 82' lang='lat'><em>.3.</em></span> 
     </span>
    </p>

    <p class='ocr_par' dir='ltr' id='par_1_8' title="bbox 503 4316 1550 4875">
     <span class='ocr_line' id='line_1_42' title="bbox 547 4316 1548 4467; baseline -0.002 -21"><span class='ocrx_word' id='word_1_354' title='bbox 547 4316 709 4467; x_wconf 67' lang='lat' dir='ltr'><em>Displiiet</em></span> <span class='ocrx_word' id='word_1_355' title='bbox 733 4379 857 4444; x_wconf 90' lang='lat' dir='ltr'><em>interea</em></span> <span class='ocrx_word' id='word_1_356' title='bbox 876 4378 918 4442; x_wconf 87' lang='lat' dir='ltr'><em>cl.</em></span> <span class='ocrx_word' id='word_1_357' title='bbox 940 4377 1108 4443; x_wconf 89' lang='lat' dir='ltr'><em>Ehrlichio</em></span> <span class='ocrx_word' id='word_1_358' title='bbox 1131 4392 1297 4464; x_wconf 89' lang='lat' dir='ltr'><em>postrema</em></span> <span class='ocrx_word' id='word_1_359' title='bbox 1320 4391 1449 4463; x_wconf 90' lang='lat' dir='ltr'><em>patrum</em></span> <span class='ocrx_word' id='word_1_360' title='bbox 1473 4400 1548 4444; x_wconf 91' lang='lat' dir='ltr'><em>sen-</em></span> 
     </span>
     <span class='ocr_line' id='line_1_43' title="bbox 505 4463 1549 4553; baseline -0.001 -22"><span class='ocrx_word' id='word_1_361' title='bbox 505 4467 616 4545; x_wconf 89' lang='lat' dir='ltr'><em>tentia,</em></span> <span class='ocrx_word' id='word_1_362' title='bbox 632 4480 729 4553; x_wconf 88' lang='lat' dir='ltr'><em>atque</em></span> <span class='ocrx_word' id='word_1_363' title='bbox 749 4487 783 4529; x_wconf 91' lang='lat' dir='ltr'><em>se</em></span> <span class='ocrx_word' id='word_1_364' title='bbox 804 4487 870 4530; x_wconf 91' lang='lat' dir='ltr'><em>non</em></span> <span class='ocrx_word' id='word_1_365' title='bbox 891 4465 1071 4551; x_wconf 83' lang='lat' dir='ltr'><em>intelligere</em></span> <span class='ocrx_word' id='word_1_366' title='bbox 1087 4465 1142 4543; x_wconf 87' lang='lat' dir='ltr'><em>ait,</em></span> <span class='ocrx_word' id='word_1_367' title='bbox 1157 4472 1180 4504; x_wconf 90' lang='lat'><strong>“</strong></span> <span class='ocrx_word' id='word_1_368' title='bbox 1192 4486 1250 4529; x_wconf 89' lang='lat' dir='ltr'><em>cur</em></span> <span class='ocrx_word' id='word_1_369' title='bbox 1270 4465 1364 4529; x_wconf 89' lang='lat' dir='ltr'><em>Deus</em></span> <span class='ocrx_word' id='word_1_370' title='bbox 1384 4463 1417 4528; x_wconf 91' lang='lat' dir='ltr'><em>in</em></span> <span class='ocrx_word' id='word_1_371' title='bbox 1439 4480 1549 4530; x_wconf 87' lang='lat' dir='ltr'><em>ventre</em></span> 
     </span>
     <span class='ocr_line' id='line_1_44' title="bbox 504 4549 1550 4637; baseline 0.001 -22"><span class='ocrx_word' id='word_1_372' title='bbox 504 4552 659 4616; x_wconf 87' lang='lat' dir='ltr'><em>“Mariae</em></span> <span class='ocrx_word' id='word_1_373' title='bbox 683 4551 872 4616; x_wconf 85' lang='lat' dir='ltr'><em>secundario</em></span> <span class='ocrx_word' id='word_1_374' title='bbox 894 4563 1021 4615; x_wconf 91' lang='lat' dir='ltr'><em>tantum</em></span> <span class='ocrx_word' id='word_1_375' title='bbox 1043 4550 1142 4615; x_wconf 89' lang='lat' dir='ltr'><em>fuisse</em></span> <span class='ocrx_word' id='word_1_376' title='bbox 1162 4549 1298 4628; x_wconf 87' lang='lat' dir='ltr'><em>dicatur,</em></span> <span class='ocrx_word' id='word_1_377' title='bbox 1319 4571 1407 4628; x_wconf 89' lang='lat' dir='ltr'><em>cum,</em></span> <span class='ocrx_word' id='word_1_378' title='bbox 1428 4562 1467 4615; x_wconf 86' lang='lat' dir='ltr'><em>ut</em></span> <span class='ocrx_word' id='word_1_379' title='bbox 1487 4550 1550 4637; x_wconf 84' lang='lat' dir='ltr'><em>ipsi</em></span> 
     </span>
     <span class='ocr_line' id='line_1_45' title="bbox 505 4634 1549 4724; baseline 0 -22"><span class='ocrx_word' id='word_1_380' title='bbox 505 4644 528 4679; x_wconf 88' lang='lat'><strong>“</strong></span> <span class='ocrx_word' id='word_1_381' title='bbox 544 4660 564 4702; x_wconf 93' lang='lat' dir='ltr'><em>o</em></span> <span class='ocrx_word' id='word_1_382' title='bbox 588 4638 727 4718; x_wconf 77' lang='lat' dir='ltr'><em>inantus,</em></span> <span class='ocrx_word' id='word_1_383' title='bbox 742 4638 927 4723; x_wconf 85' lang='lat' dir='ltr'><em>passionum</em></span> <span class='ocrx_word' id='word_1_384' title='bbox 947 4635 1167 4724; x_wconf 89' lang='lat' dir='ltr'><em>principaliter</em></span> <span class='ocrx_word' id='word_1_385' title='bbox 1185 4634 1272 4700; x_wconf 89' lang='lat' dir='ltr'><em>haud</em></span> <span class='ocrx_word' id='word_1_386' title='bbox 1289 4656 1402 4721; x_wconf 86' lang='lat' dir='ltr'><em>expers</em></span> <span class='ocrx_word' id='word_1_387' title='bbox 1419 4636 1549 4703; x_wconf 81' lang='lat' dir='ltr'><em>fuerit.&#39;&#39;</em></span> 
     </span>
     <span class='ocr_line' id='line_1_46' title="bbox 503 4659 1549 4875; baseline -0.003 -83"><span class='ocrx_word' id='word_1_388' title='bbox 503 4659 587 4792; x_wconf 82' lang='lat' dir='ltr'><em>Sedp</em></span> <span class='ocrx_word' id='word_1_389' title='bbox 595 4723 658 4788; x_wconf 88' lang='lat' dir='ltr'><em>hoc</em></span> <span class='ocrx_word' id='word_1_390' title='bbox 681 4746 746 4790; x_wconf 90' lang='lat' dir='ltr'><em>non</em></span> <span class='ocrx_word' id='word_1_391' title='bbox 768 4723 939 4813; x_wconf 87' lang='lat' dir='ltr'><em>opinantur</em></span> <span class='ocrx_word' id='word_1_392' title='bbox 960 4722 1001 4790; x_wconf 87' lang='lat' dir='ltr'><em>de</em></span> <span class='ocrx_word' id='word_1_393' title='bbox 1021 4723 1134 4875; x_wconf 48' lang='lat' dir='ltr'><em>hierbo</em></span> <span class='ocrx_word' id='word_1_394' title='bbox 1154 4723 1231 4791; x_wconf 89' lang='lat' dir='ltr'><em>Deo</em></span> <span class='ocrx_word' id='word_1_395' title='bbox 1251 4733 1371 4811; x_wconf 88' lang='lat' dir='ltr'><em>patres,</em></span> <span class='ocrx_word' id='word_1_396' title='bbox 1392 4734 1430 4788; x_wconf 91' lang='lat' dir='ltr'><em>ut</em></span> <span class='ocrx_word' id='word_1_397' title='bbox 1447 4723 1549 4792; x_wconf 88' lang='lat' dir='ltr'><em>modo</em></span> 
     </span>
    </p>

    <p class='ocr_par' dir='ltr' id='par_1_9' title="bbox 548 4828 1032 4878">
     <span class='ocr_line' id='line_1_47' title="bbox 548 4828 1032 4878; baseline -0.008 0"><span class='ocrx_word' id='word_1_398' title='bbox 548 4829 637 4878; x_wconf 81' lang='lat' dir='ltr'><em>vot..</em></span> <span class='ocrx_word' id='word_1_399' title='bbox 655 4830 699 4876; x_wconf 89' lang='lat'><em>11.</em></span> <span class='ocrx_word' id='word_1_400' title='bbox 1011 4828 1032 4874; x_wconf 76' lang='grc' dir='ltr'><strong>ι</strong></span> 
     </span>
    </p>
   </div>
   <div class='ocr_carea' id='block_1_4' title="bbox 0 0 2058 5675">
    <p class='ocr_par' dir='ltr' id='par_1_10' title="bbox 0 0 2058 5675">
     <span class='ocr_line' id='line_1_48' title="bbox 0 0 2058 5675; baseline 0 0"><span class='ocrx_word' id='word_1_401' title='bbox 0 0 2058 5675; x_wconf 95' lang='lat' dir='ltr'><em> </em></span> 
     </span>
    </p>
   </div>
  </div>
 </body>
</html>
