4092 5675
547 743 600 813 nr
618 745 763 812 Anon.
780 743 917 811 ruer.
938 742 1125 812 courm.
1146 743 1341 814 cnrrrn.
1416 749 1460 836 89

427 919 580 1006 phorum,
594 918 651 1005 qui
670 939 745 982 eum
766 915 988 1004 presbytemm
1009 940 1073 980 non
1095 917 1283 1004 episcopum
1305 919 1460 999 nominat,

427 1005 506 1090 quia
525 1019 639 1070 auctor
659 1004 743 1068 infra
763 1025 781 1066 e
805 1003 948 1088 iscopum
971 1026 1045 1067 eum
1066 1003 1143 1067 dicit
1162 1026 1202 1067 ex
1222 1005 1292 1068 vico
1315 1004 1462 1069 Comana

425 1090 614 1155 oriundum.
657 1091 740 1154 Haec
755 1025 804 1152 ad
811 1111 863 1152 an.
879 1088 1390 1176 Ο1111111205.Βο110111113,[1329.
1407 1090 1459 1154 ed.

424 1175 584 1262 Antverp.
628 1174 692 1238 Sed
717 1175 867 1238 Zoticum
894 1174 1051 1239 Otrenum
1078 1174 1129 1238 hic
1155 1190 1380 1254 memoratum,
1428 1177 1462 1240 ui

425 1260 510 1326 mihi
532 1260 665 1348 quidem
685 1260 760 1324 satis
781 1273 890 1408 aperte
912 1259 1067 1345 distingui
1087 1260 1212 1324 videtur
1232 1283 1252 1324 a
1273 1262 1389 1325 Zotico
1405 1200 1463 1326 iilo

427 1343 592 1424 Cumano,
605 1345 780 1432 episcopali

427 1453 561 1519 quoque
574 1432 650 1496 loco
664 1444 800 1509 constat,
811 1444 844 1494 et
857 1431 993 1496 dicerem
1007 1430 1194 1516 Nicephoro
1209 1432 1241 1495 in
1255 1453 1351 1496 causa
1364 1434 1463 1498 fuisse

426 1539 541 1582 vocem
556 1515 805 1604 σομτςεσὸύτεςος,
818 1527 854 1580 ut
867 1539 940 1580 eum
953 1516 1166 1602 presbyterum
1180 1517 1363 1616 appellaret.
1387 1520 1463 1583 Post

427 1603 493 1668 vidi
516 1603 719 1666 Pearsonium
741 1603 773 1665 in
792 1602 824 1665 V
822 1601 914 1666 indic.
933 1602 1091 1689 ignotiora.
1110 1615 1191 1688 part.
1203 1604 1236 1666 ri.
1251 1624 1322 1688 cap.
1339 1618 1383 1667 13.
1405 1604 1463 1669 ubi

426 1709 489 1776 pto
509 1688 738 1774 distinguendo
758 1687 840 1752 duos
862 1688 944 1752 inter
965 1709 998 1750 se
1021 1689 1152 1752 Zoticos
1168 1702 1281 1752 contra
1299 1689 1463 1753 Dallaeum

427 1773 510 1861 agit,
523 1786 731 1852 statuentem,
742 1773 828 1837 bunc
843 1774 949 1858 ipsum
961 1795 1090 1860 quoque
1101 1775 1309 1861 Anonymum
1327 1774 1463 1860 scripto-

427 1881 499 1924 rem
512 1859 734 1946 presbyterum
751 1872 876 1923 tanturn
893 1859 1001 1936 fnisse,
1014 1860 1089 1944 qnia
1104 1858 1220 1938 nullus,
1234 1882 1273 1923 ea
1287 1860 1463 1945 praesertim

427 1957 536 2024 atate,
557 1944 727 2031 episcopus
752 1944 917 2009 historiam
942 1944 990 2008 sui
1013 1946 1176 2030 temporis,
1201 1960 1233 2009 et
1258 1968 1307 2009 res
1329 1946 1370 2009 ab
1392 1946 1463 2031 ipso

426 2044 550 2118 gestas,
567 2051 760 2109 memorans,
773 2030 873 2094 alium
894 2029 1064 2114 episcopam
1086 2032 1384 2118 compresbyterum
1405 2054 1463 2118 ap-

426 2116 590 2202 pellasset.
624 2116 768 2179 Forsitan
784 2115 982 2180 verissimum
998 2115 1060 2180 hoc
1075 2130 1146 2191 est3
1170 2116 1226 2180 sed
1241 2132 1347 2181 tamen
1362 2118 1463 2202 ipsius

426 2202 598 2290 Anonymi
620 2203 859 2288 presbyteratus
881 2201 953 2264 inde
976 2223 1038 2264 non
1061 2202 1226 2286 probatur,
1243 2203 1276 2265 id
1296 2223 1367 2265 vero
1390 2219 1463 2266 tan·

427 2301 516 2368 turn,
533 2287 686 2352 Zoticum
709 2286 837 2373 quidem
861 2287 1017 2351 Otrenum
1046 2286 1132 2351 haud
1157 2288 1343 2372 episcopum
1367 2289 1463 2352 fuisse

429 2373 488 2438 sed
501 2373 746 2461 presbytemm3
770 2372 814 2435 nil
830 2371 914 2435 enim
930 2372 1077 2435 usitatius
1095 2385 1155 2449 est,
1170 2372 1218 2435 vcl
1233 2372 1463 2457 posterioribus

428 2473 495 2524 tem
541 2458 631 2524 ribus
656 2457 742 2544 apud
764 2471 896 2535 veteres,
917 2479 1013 2542 quarn
1037 2470 1073 2520 ut
1094 2458 1235 2542 episcopi
1257 2458 1338 2521 viros
1361 2459 1393 2521 in
1415 2480 1464 2522 se·

429 2567 493 2610 cun
518 2567 539 2610 ο
561 2543 731 2608 sacerdotii
752 2542 862 2607 ordine
884 2543 1074 2606 constitutos
1091 2544 1369 2630 compresbyteros
1388 2565 1462 2608 suos

429 2643 590 2694 vocarent.
620 2630 678 2693 Ait
689 2629 816 2716 quidem
833 2649 1052 2714 saepennmcro
1064 2629 1109 2691 vir
1124 2651 1280 2708 summus,
1295 2631 1463 2729 presbyte-

428 2738 504 2780 rum
518 2738 589 2780 sese
603 2736 715 2779 vocare
730 2715 953 2801 Anonymum‚
967 2714 1022 2777 sed
1045 2714 1099 2778 ille
1121 2736 1276 2800 nusquam
1298 2714 1330 2778 rd
1350 2717 1463 2780 fecisse

430 2801 553 2866 censeri
567 2813 685 2888 potest,
699 2800 758 2864 nisi
773 2799 834 2864 hoc
849 2800 919 2886 ipso
931 2800 1014 2876 loco,
1024 2800 1080 2863 ubi
1092 2800 1241 2864 Zoticum
1255 2802 1464 2889 compresby-

429 2902 538 2953 terum
562 2909 658 2952 suum
680 2886 829 2972 appellat.
874 2889 1028 2950 Praeterea
1042 2909 1090 2951 res
1107 2908 1185 2973 quas
1201 2909 1233 2949 se
1249 2889 1353 2972 egissc
1368 2901 1465 2952 testa-

429 2986 484 3039 tur
498 2973 562 3037 hoc
576 2973 652 3037 loco
666 2973 859 3058 Anonymus
878 2971 1023 3056 scriptor,
1040 2994 1114 3035 curn
1138 2994 1270 3036 munere
1292 2973 1464 3059 episcopali

430 3080 506 3123 mea
520 3057 649 3145 quidem
666 3057 822 3121 sententia
836 3057 938 3142 magis
957 3057 1158 3121 conveniunt.
1203 3058 1376 3143 Origenem
1392 3059 1464 3145 qui·

430 3144 505 3209 dem
530 3156 642 3209 contra
664 3143 832 3206 haereticos
854 3141 939 3226 apud
961 3143 1084 3205 Arabas
1107 3143 1209 3205 simila
1229 3144 1332 3228 egisse
1347 3146 1464 3221 ferunt,

430 3228 496 3293 sed·
510 3230 552 3294 ab
573 3227 730 3314 episcopis
751 3241 899 3291 vocaturn
909 3251 919 3305 ;
941 3228 1059 3290 Euscb.
1076 3229 1120 3291 H.
1136 3230 1178 3291 E.
1194 3228 1233 3291 vi.
1250 3242 1299 3303 37.
1323 3252 1464 3314 quocum

430 3316 578 3379 conferas
599 3314 738 3398 Niceph.
757 3313 800 3375 H.
816 3313 857 3375 Ε.
873 3336 901 3375 v.
914 3326 963 3375 23.
1008 3313 1377 3391 Caeterantrene11,a
1399 3336 1463 3399 qua

431 3401 568 3465 Zoticus
582 3399 771 3485 appellatus,
786 3399 818 3460 in
835 3397 974 3485 Phrygia
997 3399 1133 3463 Salutari
1148 3399 1240 3461 sitam
1255 3420 1323 3461 esse
1337 3401 1464 3463 monuit

432 3485 634 3551 Pearsonins.

827 1367 926 1409 onore
950 1344 1035 1409 haud
1059 1344 1212 1409 donatum
1234 1347 1331 1410 fnisse
1345 1370 1384 1412 ex
1399 1347 1462 1410 hoc

475 3572 512 3634 P.
523 3582 573 3646 74.
588 3569 611 3634 l.
627 3582 673 3633 14.
694 3570 756 3654 μὲν]
776 3569 910 3634 Addunt
932 3568 1028 3633 αὐτόθι
1049 3568 1219 3654 ctrisnpt.
1236 3572 1336 3633 Lertt.
1357 3583 1390 3634 ct
1409 3571 1464 3634 In·

430 3668 512 3741 terp.
534 3658 704 3720 Sunorn.
748 3658 828 3718 Mox
843 3657 932 3719 abest
947 3657 1039 3718 ἐνθάδε
1055 3679 1073 3719 a
1091 3656 1162 3719 cod.
1180 3655 1316 3741 Norfolr.

476 3740 560 3805 ibid.
586 3741 608 3805 1.
631 3756 677 3803 15.
702 3738 838 3824 πέμψειν]
865 3742 940 3804 Hoc
962 3741 1048 3804 edidi
1071 3763 1130 3826 pro
1153 3742 1273 3823 πέμπειν
1299 3763 1338 3804 ex
1361 3741 1462 3804 MSS.

431 3826 576 3914 Norsolc.
597 3839 630 3889 et
652 3825 742 3889 Bodl.
766 3850 821 3890 scu
844 3825 941 3890 Sunii.
966 3827 997 3888 in
1020 3827 1082 3890 hoc
1105 3842 1210 3889 tamen
1233 3826 1315 3889 libro
1337 3840 1464 3899 extante

429 3914 555 3995 πέμψε.
601 3912 653 3974 Sic
668 3911 748 3974 infra
763 3911 802 3975 ad
823 3934 896 3997 pag.
913 3911 1094 3986 77111124.
1112 3912 1207 3975 habes
1224 3911 1410 3997 ἐπηγγείλατο
1425 3917 1465 3995 τῷ

429 4005 494 4086 λαῷ
509 3997 647 4079 πέμψειν.

476 4087 513 4148 P.
526 4096 575 4159 7⁵·
599 4083 622 4146 1.
638 4096 668 4144 2.
689 4083 729 4144 ἹΙ
756 4080 840 4145 roi-,ns
866 4082 973 4156 ἔοςοισις
998 4082 1072 4165 dre]
1103 4081 1255 4145 Praernisit
1283 4082 1462 4158 Eusebins3

430 4174 535 4233 Ταῦτα
549 4169 596 4231 καὶ
611 4171 670 4245 ἑξῆς
684 4168 787 4241 τούτοις
802 4166 878 4254 ἕτεροι
893 4171 956 4231 κατ’
973 4172 1065 4251 ἀρχὰς
1079 4166 1155 4230 εἰπὼν
1174 4175 1221 4230 τοῦ
1242 4168 1339 4252 λόγου,
1353 4170 1398 4229 τὸν
1413 4168 1462 4230 ai·

430 4281 490 4319 τιον
503 4260 550 4327 τῆς
564 4253 723 4333 δηλουμένης
738 4253 862 4337 αἱρέσεως
876 4253 971 4338 aprinis
985 4262 1077 4316 τοῦτον
1093 4257 1209 4336 ἆτοςορεῖ
1230 4255 1274 4316 τὸν
1295 4253 1400 4336 τρόπον·
1422 4256 1462 4316 Ἡ

430 4343 591 4404 ΤΟΙΝΎΝ
610 4342 716 4411 ἔοςασος
734 4339 791 4400 dte.
830 4340 910 4402 Haec
933 4351 961 4403 et
987 4339 1051 4402 alio
1075 4339 1104 4401 in
1129 4338 1249 4401 exordio
1266 4339 1362 4423 operis
1379 4350 1464 4420 post-

433 4446 530 4512 quam
544 4422 638 4499 dixit,
652 4421 809 4506 porclntim
826 4424 952 4487 ulterius
973 4439 1149 4511 progressus
1165 4426 1351 4508 supradictae
1367 4423 1465 4485 lroere-

433 4510 477 4575 sis
499 4520 653 4572 auctorem
676 4508 817 4571 describit
836 4510 881 4572 1111
898 4511 1015 4573 uerbis:
1048 4512 1204 4573 rttlt‘Utt
1228 4509 1387 4573 obstinata
1405 4509 1464 4570 &c

432 4596 539 4659 Abest
553 4593 706 4657 articulus
722 4609 794 4657 ante
811 4594 972 4677 πρόσφατος
989 4596 1018 4657 111
1038 4596 1108 4658 Cod.
1128 4595 1264 4680 Ntfiblst
1281 4608 1313 4656 et
1331 4592 1421 4655 nort.

479 4678 562 4744 [bid.
576 4679 598 4742 1.
613 4692 644 4742 4.
667 4684 693 4741 ἑο
714 4684 747 4764 τῇ
768 4686 842 4744 κατὰ
863 4683 908 4757 τὴν
932 4682 1059 4767 Φρυγίαν
1084 4682 1196 4764 Μυσίᾳ]
1218 4679 1347 4742 ldusnrus
1365 4679 1466 4743 vertit.
