4092 5675
591 1100 842 1201 JULIUS
883 1099 1302 1202 AFRICANUS.

821 1408 1088 1451 ...φ-...-

506 1619 545 1693 S.
553 1617 841 1713 'Hrsnonrruus
860 1620 943 1695 Lib.
962 1621 1026 1694 De
1046 1621 1152 1696 Veris
1169 1619 1391 1714 Illustrlbru,

757 1788 836 1862 cap.
849 1762 940 1836 lxiii.
962 1788 1044 1862 pag.
1062 1777 1143 1836 144.

429 1913 629 2021 JULlUs
654 1948 860 2040 Africanus,
885 1947 1011 2045 acujus
1037 1949 1199 2047 quinque
1225 1945 1270 2021 de
1294 1944 1469 2047 tempori-

430 2071 502 2145 bus
529 2084 657 2146 extant
680 2073 877 2162 volumina,
899 2075 966 2146 sub
990 2072 1214 2172 Imperatore
1239 2072 1295 2146 M.
1318 2072 1469 2147 Aurelio

432 2200 637 2290 Antonino,
666 2197 757 2297 bqui
787 2199 955 2273 Macrino
990 2211 1220 2288 successerat,
1249 2199 1469 2297 legationem

432 2348 502 2422 pro
530 2322 792 2395 instauratione
821 2323 947 2395 curbis
976 2320 1155 2394 Emmaus
1188 2320 1357 2419 suscepit,
1386 2345 1470 2417 quae

433 2456 562 2545 postea
579 2441 770 2542 Nicopolis
788 2445 967 2543 appellata
983 2456 1049 2517 est.
1075 2443 1218 2539 dHujus
1232 2455 1288 2515 est
1304 2442 1473 2543 Epistola

435 2564 483 2637 ad
508 2562 707 2663 Origenem
731 2591 837 2663 super
860 2565 1061 2662 quaestiono
1082 2566 1281 2638 Susannae:
1307 2561 1472 2662 eoquod
1539 2571 1542 2580 “

436 2687 536 2760 dieat
560 2687 599 2759 in
627 2686 788 2761 Hebraeo
811 2670 941 2761 ‘hanc
954 2687 1114 2762 fabulam
1140 2715 1214 2761 non
1239 2686 1377 2778 haberi,
1402 2711 1472 2760 nec

436 2812 631 2885 convenire
653 2839 737 2886 cum
762 2812 945 2886 Hebraica
966 2811 1187 2912 etymologia
1208 2809 1283 2883 frixi
1305 2814 1344 2883 vai
1365 2810 1472 2907 σχίνου

437 2937 564 3032 exirm,
581 2937 633 3007 aci
657 2939 719 3008 oe’rri
742 2940 780 3009 τί
803 2939 902 3026 πρίνου
918 2939 1037 3027 rapiam,
1055 2947 1180 3009 contra
1197 2959 1306 3031 quem
1325 2932 1471 3006 doctam

439 3057 643 3159 Epistolam
668 3059 794 3134 scribit
816 3042 1005 3159 Origenes.
1055 3059 1198 3132 &Extat
1222 3058 1298 3155 ejus
1323 3058 1369 3132 ad
1390 3057 1475 3132 Ari-

441 3181 572 3255 stidem
599 3183 711 3254 altera
734 3181 912 3280 Epistola,
930 3182 970 3254 in
995 3206 1067 3277 qua
1091 3208 1199 3281 super
1222 3183 1373 3274 tropario,
1391 3204 1474 3277 quae

438 3304 583 3378 videtur
599 3331 676 3377 esse
693 3305 732 3378 in
750 3304 959 3404 genealogia
973 3303 1166 3376 Salvatoris
1183 3301 1280 3401 apud
1298 3299 1474 3374 Matthae-

441 3453 503 3501 um
522 3440 560 3501 et
576 3428 730 3519 Lucam,
746 3426 958 3528 plenissime
975 3426 1148 3527 disputat.

482 3696 495 3725 ⁸
513 3686 623 3745 Nobile
643 3707 715 3766 opus
735 3687 807 3745 Julii
826 3687 957 3746 Africani
978 3707 1011 3745 ac
1032 3689 1207 3766 precipuum
1226 3686 1474 3766 chronographia,

446 3791 502 3848 sire
522 3800 555 3847 ut
576 3790 683 3847 Photio
705 3791 777 3849 Cod.
799 3794 849 3851 34.
868 3793 980 3871 impunis,
1005 3811 1064 3869 quo
1088 3811 1132 3849 res
1154 3791 1192 3849 ab
1212 3789 1282 3848 orbe
1302 3789 1420 3846 condito
1440 3788 1477 3847 ad

445 3898 480 3955 A.
499 3897 532 3953 C.
551 3897 621 3952 221.
642 3908 806 3974 persecutus
827 3897 883 3954 fuit
904 3895 983 3954 libris
1005 3897 1131 3973 quinque
1142 3921 1151 3968 3
1174 3895 1280 3953 Euseb.
1299 3895 1337 3952 ri.
1354 3896 1404 3954 31.
1426 3899 1480 3954 'reis'

447 4002 469 4063 θ’
489 4008 573 4062 αὐτοῦ
597 4000 750 4081 Ἀφρικανοῦ
771 4005 816 4060 καὶ
837 4000 911 4060 ἄλλα
930 4003 972 4060 'tir
991 4000 1101 4082 ἀριθμὸν
1121 4007 1199 4060 σίντι
1221 4007 1414 4081 χροιαγςαφιόι
1440 3998 1481 4062 ἶς’

447 4109 545 4191 ἆκςιέὶς
559 4111 724 4188 ωιπονῆμυα
737 4106 811 4173 iiviri
821 4114 855 4175 εἷς
869 4112 937 4183 ἡμᾶς
952 4106 1159 4182 σπουδάσματα.
1179 4106 1360 4166 FABRICIUS.

416 4232 419 4237 ·
485 4211 499 4250 b
518 4215 681 4293 Imperator
698 4215 746 4270 hic
765 4211 937 4288 Helagabali
957 4213 1072 4267 nomine
1087 4213 1195 4278 notior,
1210 4213 1258 4288 qui
1272 4210 1393 4291 imperio
1406 4228 1480 4290 prn-

448 4320 500 4377 tuit
520 4321 557 4377 ab
574 4322 610 4377 A.
628 4320 696 4377 218.
718 4319 754 4377 ad
773 4320 840 4375 222.
862 4319 1042 4376 Fssnrcrus.
1084 4319 1226 4396 Georgius
1247 4319 1479 4397 Abulpharagius
1532 4374 1534 4379 .

359 4402 361 4407 Ι
452 4424 545 4483 Cleon.
561 4426 686 4499 Syriaco,
703 4424 780 4500 quod
799 4443 875 4480 anno
893 4423 978 4484 1789.
993 4423 1142 4480 ediderunt
1163 4436 1191 4480 et
1211 4424 1318 4482 Latine
1334 4431 1483 4481 verterunt

449 4526 482 4584 cl.
493 4529 545 4585 viri
556 4529 696 4584 Brunsius
711 4538 740 4583 et
754 4526 870 4585 Kirsch.
892 4530 1044 4584 Antoninus
1055 4529 1145 4585 Caesor
1155 4528 1349 4603 Heliogabalus
1359 4547 1444 4586 aanor
1453 4529 1483 4586 4.

451 4630 514 4703 Ejus
533 4641 651 4708 tempore
669 4632 810 4706 Nicopolis
828 4632 992 4699 Palaestina,
1013 4652 1072 4708 quoe
1090 4640 1129 4690 est
1148 4635 1289 4701 Emmaus,
1306 4635 1417 4691 condita
1433 4641 1481 4690 est.
