4092 5675
586 788 647 859 230
921 739 1279 841 ANNOTATIONES

582 941 751 1008 hominurn
808 963 868 1008 nus
879 943 899 1008 J
901 943 999 1018 udaeis
1013 945 1055 1027 ab
1067 946 1215 1032 AEgypto
1230 943 1468 1031 egredientibus
1482 961 1554 1012 sese
1569 941 1628 1011 οδ.

578 1029 696 1114 junxit.
742 1030 772 1114 A
788 1044 891 1093 terum
906 1030 1140 1117 AEgyptiorum
1156 1032 1390 1118 indigenarum,
1405 1053 1489 1119 quos
1511 1033 1641 1097 Moses·

584 1114 759 1200 αὐτόχθονας
773 1124 883 1179 vocat:
907 1118 1045 1198 alterurn
1070 1138 1294 1198 convenarum,
1310 1118 1342 1181 id
1363 1130 1413 1181 est
1429 1118 1628 1203 promiscue

584 1200 800 1267 multitudinis
825 1201 881 1286 qui
908 1208 1021 1287 Γεοῶρνν
1047 1201 1246 1268 dicebantur.
1297 1202 1486 1291 Hesychius
1509 1204 1627 1304 I's'oogn,

584 1286 774 1371 γενοφόλοοκες,
790 1284 923 1371 nicrinus,
938 1288 1083 1373 πάροικον.
1118 1289 1235 1352 Georae
1249 1310 1328 1375 ergo
1344 1288 1431 1376 apud
1445 1288 1639 1377 AEgypttos·

584 1371 776 1437 dicebantur
798 1373 943 1439 homines
965 1374 1117 1453 extranei,
1156 1374 1188 1438 ui
1210 1386 1327 1439 terram
1348 1374 1519 1439 colendam
1533 1395 1627 1439 acce·

585 1472 699 1544 perant
712 1459 772 1523 sub
785 1471 873 1523 certa
887 1460 1057 1546 pensione:
1082 1397 1192 1546 quilcs
1205 1474 1295 1524 erant
1308 1461 1340 1524 in
1355 1461 1505 1549 AEgypto
1519 1459 1629 1526 Judaer

586 1557 760 1631 antequem
776 1545 936 1609 exiissent.
979 1547 1045 1620 Eos
1064 1567 1139 1611 cum
1154 1545 1312 1631 indigenis
1327 1548 1371 1611 AE
1420 1546 1496 1633 ptiis
1510 1546 1629 1612 confit·

586 1629 671 1694 disse
695 1627 820 1695 videtur
845 1630 1041 1708 Africanus3
1066 1653 1162 1717 quem
1185 1643 1294 1696 tanren
1316 1632 1393 1696 refel
1407 1632 1433 1697 it
1453 1633 1572 1697 Moses
1594 1631 1627 1696 in

587 1715 677 1780 dicto
692 1716 777 1780 loco.
823 1718 987 1827 Utrosryue
1008 1738 1092 1796 uero,
1108 1729 1174 1781 tam
1197 1719 1321 1782 Georas
1338 1738 1436 1804 quam
1457 1716 1525 1782 indi
1572 1739 1630 1782 nus

587 1802 775 1889 AEgyptios,
785 1824 851 1866 uno
863 1806 1012 1884 ἐπομνκτοον
1024 1802 1154 1865 nomine
1164 1802 1408 1888 comprehendit
1418 1817 1514 1872 sacra¹
1543 1801 1629 1889 cripss

587 1903 661 1951 tura
675 1888 707 1950 in
722 1883 811 1951 dicto
826 1909 896 1973 cap.
912 1909 1004 1952 versu
1016 1901 1066 1951 38.
1088 1889 1135 1951 καὶ
1155 1886 1296 1971 {riorum
1314 1890 1406 1964 πολὺς
1426 1887 1560 1967 novarien
1575 1893 1629 1952 aris

588 1976 656 2052 τοῖς,
671 1973 704 2037 id
727 1985 777 2038 est
797 1974 980 2059 promiscua
995 1973 1101 2052 turba,
1116 1979 1260 2059 συμμιγὴς
1274 1975 1352 2051 λαός.
1370 1978 1414 2056 (et
1428 1997 1519 2040 num.
1534 1973 1570 2040 ii.
1583 1977 1628 2057 4.)

590 2059 747 2144 Origenes
772 2071 878 2142 tamen
900 2058 982 2124 libro
1003 2059 1048 2123 iii.
1070 2059 1111 2123 de
1155 2060 1306 2146 rincipiis,
1326 2060 1476 2144 ἐπομίκτοον
1497 2060 1632 2125 nomine

589 2144 766 2231 AEgyptios
782 2144 869 2209 solos
889 2144 1080 2209 intellexisse
1094 2082 1229 2224 viditur,
1243 2146 1299 2233 qui
1315 2146 1464 2211 Hebraeis
1478 2145 1632 2234 permixti

589 2253 629 2295 ex
644 2231 792 2317 AEgypto
807 2232 927 2317 egressi
942 2246 1028 2295 sunt.
1057 2234 1235 2319 οκληςοομὸν
1253 2234 1304 2315 μὲν
1321 2232 1432 2318 ἤλεγχε
1445 2233 1492 2297 τὸν
1505 2236 1552 2295 νῦν
1562 2237 1631 2296 Φον-

589 2315 659 2404 ροοο),
674 2319 718 2380 brol
731 2320 779 2396 τὴν
792 2316 894 2380 κακίαν
909 2321 1003 2381 αὐτοῦ·
1027 2321 1120 2381 eschol
1133 2319 1160 2380 δὲ
1175 2322 1222 2395 τὴν
1239 2326 1293 2382 τῶν
1313 2318 1463 2400 inmixtos
1475 2317 1634 2404 Alyooe'llm

588 2402 846 2490 ουνεξοςμηοάνοοον
867 2407 923 2477 τοῖς
943 2401 1094 2490 ‘higaion
1130 2403 1270 2467 Drusius
1287 2404 1321 2468 in
1341 2403 1447 2468 libii.
1464 2402 1508 2469 de
1525 2404 1639 2468 tribus.

590 2490 688 2553 sectis
702 2488 902 2566 Judaeorum,
918 2510 1016 2574 agens
1039 2488 1079 2552 de
1100 2488 1282 2577 proselytis,
1302 2511 1414 2554 vocem
1433 2497 1539 2577 γαῶςον
1560 2490 1632 2553 He-

589 2576 708 2640 braicae
733 2574 867 2659 originis
895 2595 963 2637 esse
988 2574 1077 2651 dicit,
1103 2595 1205 2661 eaque
1231 2574 1405 2661 significari
1428 2574 1633 2662 proselytum

591 2682 648 2725 seu
662 2660 827 2723 advenam.
873 2658 961 2722 ldern
981 2659 1092 2724 scribit
1106 2659 1302 2748 Hesychius,
1316 2660 1445 2748 yelogog,
1459 2660 1634 2747 γοίοονονςέξ

590 2743 681 2810 ἄλλον
696 2744 801 2829 γένους,
817 2744 999 2825 καλουμένους
1012 2749 1053 2830 τῷ
1065 2747 1183 2845 Ἰσραὴλ
1196 2747 1392 2833 σςοσηλῦτες.
1415 2748 1634 2827 VALBSIUS,

590 2831 640 2898 At
660 2853 719 2916 pro
734 2830 890 2895 Africano
911 2829 945 2894 id
968 2830 1094 2909 dixeris,
1109 2855 1142 2896 rrr
1162 2832 1312 2920 pericope
1326 2830 1433 2897 Exodi
1452 2854 1568 2898 vocem
1586 2837 1636 2908 nis

590 2923 644 3002 γῆς
655 2917 695 2980 de
706 2929 791 2980 terra
804 2914 926 2979 Cainan
941 2916 1141 3001 interpretari
1155 2918 1295 2997 criticos,
1308 2940 1405 3006 quam
1419 2917 1554 3005 quidem
1569 2930 1637 2983 ter-

590 3025 660 3068 ram
673 3024 749 3066 mox
763 3002 939 3086 possessuri
960 3001 1113 3066 israelitae
1132 3017 1248 3069 essent.
1294 3007 1393 3069 Porro
1408 3004 1442 3068 in
1456 3003 1554 3070 unica
1566 3003 1638 3070 fere

591 3111 651 3154 sua
672 3088 715 3153 ad
735 3088 818 3152 hanc
839 3087 984 3152 Africani
1005 3087 1177 3174 epistolam
1198 3090 1406 3155 adnotatione
1427 3090 1473 3154 ait
1494 3088 1636 3155 Gallan·

592 3175 676 3254 dius,
701 3174 762 3239 hac
788 3194 866 3238 voce
892 3173 1001 3262 γεώςας
1022 3197 1118 3239 usum
1139 3196 1210 3240 esse
1231 3176 1395 3241 Justinum
1417 3177 1468 3241 Μ.
1488 3175 1522 3240 in
1540 3175 1638 3259 Dior,

592 3285 663 3328 enm
683 3259 846 3348 Tryphone
861 3261 891 3344 ξ.
911 3275 976 3326 122.
1002 3259 1054 3324 Ibi
1068 3273 1176 3326 autern
1191 3262 1337 3326 Justinus
1352 3261 1459 3350 γεώροις
1472 3273 1507 3326 et
1519 3287 1638 3347 προση-

593 3348 691 3423 stru,
707 3348 746 3411 de
763 3369 826 3410 non
842 3344 964 3412 Judaeis
979 3347 1098 3433 posuit,
1114 3347 1198 3412 sicut
1210 3346 1288 3410 lecit
1306 3347 1340 3411 in
1359 3360 1437 3412 sect.
1457 3346 1570 3412 statim
1585 3367 1638 3413 ses

594 3447 724 3523 quente,
740 3433 796 3502 ubi
809 3444 842 3496 et
857 3432 1019 3518 αὐτόχθονον
1032 3434 1053 3497 J
1056 3433 1184 3498 udaeum
1200 3432 1365 3498 hominem
1381 3432 1534 3520 appellat.

596 3537 615 3548 ²
640 3522 674 3584 P.
691 3517 796 3583 1221.
814 3532 861 3581 12.
883 3516 936 3581 ’τῶν
955 3518 1106 3605 ὀνομάτων]
1122 3517 1178 3582 Ad
1195 3540 1308 3583 vocem
1329 3521 1468 3602 ὀνομάτων
1481 3519 1516 3584 in
1528 3542 1639 3589 exem·

593 3605 680 3692 pleri
696 3602 919 3689 Stephanionoe
932 3602 1005 3673 edit.
1022 3605 1112 3690 quod
1125 3616 1234 3668 tenere
1248 3603 1481 3670 bibliothecam
1499 3605 1639 3673 Bodlei-

594 3714 691 3756 anam
710 3688 827 3776 saepius
849 3689 1108 3769 commemoravi,
1128 3689 1278 3754 scribitur
1299 3689 1397 3756 istud.
1419 3698 1443 3732 ‘⁶
1454 3695 1592 3778 κατεῖχον
1608 3716 1641 3759 v.

594 3785 619 3828 ‘-‘
633 3780 666 3843 in
688 3775 833 3861 margine
844 3775 875 3837 θ’
898 3775 986 3862 quod
1007 3774 1138 3854 indicat,
1157 3776 1189 3839 ni
1211 3775 1316 3857 fallor,
1335 3781 1469 3863 κατεῖχον
1490 3799 1558 3842 orae
1580 3776 1641 3842 ad·

594 3860 753 3950 scripturn
766 3860 864 3926 fuisse
879 3861 1000 3934 codicis
1012 3861 1122 3947 scripti
1135 3861 1282 3947 alicujus.
1305 3864 1382 3950 Quo
1394 3862 1526 3951 quidem
1537 3863 1644 3947 verbu

597 3945 664 4020 non
686 3971 768 4060 opus
789 3946 924 4027 videtur,
939 3946 1097 4033 siquidem
1117 3947 1150 4038 in
1171 3948 1316 4012 oratione
1331 3948 1569 4035 interpretanda
1582 3971 1642 4016 vo·

597 4035 653 4098 ces
671 4034 687 4112 ἢ
701 4049 797 4108 αλλως
812 4032 921 4119 ἔχοντος
935 4050 1011 4097 cum
1025 4033 1088 4097 lllis
1103 4035 1241 4108 ἰδιωτικοῖς
1254 4038 1358 4108 ἑαυτοῖς
1375 4038 1543 4122 ἀπογραφὰς
1557 4057 1643 4115 cons¹

598 4120 842 4195 struidebeant.

644 4204 728 4269 Ibid.
742 4205 765 4267 l.
782 4220 827 4268 15.
850 4204 1020 4290 δεσπόσυνον]
1033 4207 1186 4268 δεσποτικοὶ
1201 4207 1336 4272 Corterii
1346 4208 1447 4271 Lern.
1464 4209 1642 4272 STROTH.

600 4293 665 4359 Hae
689 4290 842 4353 lectiones
869 4289 1079 4369 Curterianae,
1103 4305 1256 4357 monente
1278 4292 1422 4357 Strothio
1444 4293 1477 4356 in
1496 4291 1642 4378 Proefut.
1685 4296 1688 4301 '

596 4400 635 4465 p.
647 4375 731 4449 xviii.
746 4375 779 4438 in
794 4375 882 4438 libris
898 4374 985 4451 Hist.
1000 4376 1090 4440 Eccl.
1110 4379 1242 4443 Eusehii
1262 4378 1389 4443 duobus
1410 4391 1537 4444 tantum
1558 4378 1643 4446 locis

600 4465 636 4528 in
651 4459 796 4548 margine
809 4459 959 4525 editionis
974 4463 1179 4542 Genevensis,
1193 4465 1339 4549 pluribus
1353 4467 1428 4529 vero
1444 4464 1477 4528 in
1495 4465 1590 4528 libris
1603 4464 1645 4529 de

596 4547 685 4612 'Viro
702 4545 897 4612 Constantini
914 4546 1125 4633 reperiuntur.
1154 4550 1247 4615 Istud
1261 4558 1335 4614 vero
1349 4551 1503 4614 δεσποτικοὶ
1517 4572 1558 4614 ex
1573 4549 1642 4614 Ro.

588 4634 658 4722 fini
677 4630 933 4717 interpretatione
951 4632 1158 4719 desumptum
1180 4649 1240 4715 est,
1259 4636 1317 4700 ubi
1337 4658 1400 4700 vox
1420 4648 1520 4716 extat,
1543 4649 1644 4721 atque

595 4721 648 4788 ita
663 4720 844 4808 exponitur,
855 4720 1008 4815 δεσποτοκοὶ
1024 4719 1059 4787 id
1071 4730 1117 4829 est
1132 4719 1243 4788 initos
1257 4720 1307 4791 vel
1317 4720 1462 4792 dominici
1473 4719 1642 4817 αρρνίζαζὴ
