4092 5675
412 761 419 772 ·
513 703 606 845 ⁵20¹
855 752 1219 823 annotsnonrs

516 926 639 996 &hara
650 926 1134 1014 rmoadntruxdpatptatta.
1154 923 1564 1014 olydpo‘uyiromribsn·

514 1016 583 1094 rire
596 1013 804 1103 openetrum
825 1019 978 1102 dracprirat
991 1016 1019 1078 ii
1034 1018 1065 1078 irc
1078 1020 1127 1092 τῆς
1140 1012 1324 1097 pharmuti
1339 1014 1482 1099 ταῦηςῂ
1496 1020 1513 1090 ἦ
1527 1016 1564 1087 ἡ

514 1103 562 1167 tir
576 1102 657 1166 orori
673 1128 694 1165 a
708 1102 756 1164 uod
770 1101 825 1165 uiis
837 1100 930 1176 πίςις·
956 1102 1065 1183 ἀδελφὰ
1085 1103 1146 1187 γὰρ
1167 1099 1302 1178 ἀλλήλοις
1318 1102 1359 1163 τὶ
1375 1101 1481 1177 effi
1495 1104 1562 1180 ὑφε-

513 1196 603 1262 cira.
645 1128 726 1275 §aa
746 1186 871 1275 quidem
891 1186 1040 1286 cogitatio
1063 1183 1164 1251 locum
1181 1184 1319 1273 aliquem
1337 1183 1431 1249 ltadet
1447 1184 1484 1249 in
1498 1206 1563 1247 ωε

511 1283 544 1339 et
557 1273 589 1337 in
600 1271 743 1357 constatis
752 1296 791 1338 ex
800 1295 834 1338 eo
843 1270 1102 1339 numumatilm:
1118 1281 1154 1337 at
1164 1271 1199 1337 in
1208 1272 1275 1336 Deo
1284 1274 1384 1336 Patre
1395 1280 1430 1334 et
1444 1268 1480 1333 in
1492 1270 1561 1335 Deo

513 1357 595 1424 lilio
614 1358 789 1424 substantia
809 1382 869 1424 non
888 1370 934 1425 est
954 1359 1125 1446 antiquior,
1143 1380 1242 1445 neque
1260 1357 1389 1445 utrique
1407 1370 1560 1455 superpo-

511 1445 576 1514 sita
592 1445 803 1533 intelligitur:
827 1444 883 1510 ltoc
899 1444 983 1510 enim
1000 1466 1033 1508 co
1058 1443 1139 1509 itare
1156 1454 1212 1509 aut
1231 1442 1343 1523 dioera,
1357 1464 1482 1506 omnm
1497 1466 1561 1506 un-

506 1531 639 1619 pietatis
653 1531 778 1597 modum
792 1531 923 1596 cecedit.
959 1530 1023 1618 Qu
1059 1530 1142 1595 enim
1156 1528 1294 1620 ingenito
1308 1528 1476 1615 antiquius
1489 1528 1559 1592 sit?

511 1615 650 1684 Tollitur
670 1617 765 1683 etiam
788 1616 847 1681 ltoc
868 1616 1059 1703 blasphemia
1068 1615 1156 1703 fides
1170 1616 1204 1680 in
1220 1617 1348 1679 Patrem
1363 1628 1395 1679 et
1414 1614 1557 1679 Filium.-

410 1721 422 1736 ‘
508 1727 585 1771 nam
608 1704 689 1769 inter
711 1727 744 1769 se
757 1702 907 1791 fratrum
932 1704 1086 1767 rationem
1110 1701 1224 1767 halent
1244 1724 1318 1790 quae
1339 1724 1380 1765 ee
1401 1723 1463 1764 uno
1486 1700 1560 1764 sul·

508 1790 636 1855 sistunt.
679 1793 722 1854 Et
738 1802 856 1898 postea
874 1789 1011 1853 Basilius
1031 1789 1089 1868 ait,
1103 1788 1169 1853 iras
1186 1789 1234 1852 sai
1252 1790 1286 1852 ri
1307 1790 1397 1854 utrm
1416 1785 1466 1866 zai
1477 1789 1512 1851 ri
1526 1791 1558 1851 ts

506 1883 556 1940 τοῦ
573 1875 662 1939 αἰτίου
674 1879 722 1952 τὴν
735 1878 851 1959 sorapin
865 1874 931 1959 ἔχον
944 1879 993 1951 τῆς
1007 1878 1092 1951 αὐτῆς
1105 1873 1219 1973 indm
1236 1872 1354 1955 pineam,
1367 1872 1495 1955 ipcotioca
1508 1872 1557 1936 λε’·

505 1983 598 2048 ymno·
622 1983 688 2026 non
700 1974 810 2025 autem
825 1959 975 2026 iratema.
993 1962 1024 2044 ξ.
1035 1976 1066 2023 2.
1110 1960 1267 2025 Similiter
1278 1958 1392 2023 scribit
1408 1958 1446 2023 S.
1460 1958 1557 2023 Hila-

506 2049 574 2113 rius
597 2045 692 2111 Lilro
714 2048 766 2111 Da
790 2045 923 2133 Spodis
944 2048 975 2130 ξ.
992 2060 1054 2111 81:
1085 2045 1247 2111 Nonnulli
1267 2044 1412 2131 primum
1434 2044 1557 2109 idciron

505 2133 719 2234 respuendam
741 2154 853 2196 vocem
875 2129 1004 2215 ipsisne
1025 2131 1288 2218 pronuntiabant,
1301 2130 1378 2217 quia
1395 2145 1456 2215 per
1472 2130 1557 2195 verli

505 2218 600 2305 liujus
621 2217 866 2284 enuntiationem
885 2216 1063 2283 substantia
1082 2213 1172 2303 prior
1198 2218 1205 2229 '
1286 2219 1437 2305 igeretur,
1458 2239 1556 2305 quom

504 2306 564 2371 duo
579 2306 661 2370 inter
675 2328 707 2371 se
718 2304 835 2390 partiti
848 2314 959 2370 essent.
998 2302 1082 2387 (Ubi
1099 2317 1178 2369 nota
1265 2301 1330 2367 hoc
1343 2301 1451 2383 velim,
1464 2302 1558 2390 quod

503 2390 635 2480 quidem
660 2404 772 2456 notare
795 2389 942 2455 nonnulli
963 2388 1179 2456 Athanasium
1200 2389 1413 2454 defendentes
1433 2390 1554 2453 omise-

502 2488 591 2558 runt,
602 2478 689 2542 idem
701 2477 796 2564 plane
807 2476 849 2541 ab
860 2475 911 2541 his
922 2474 1009 2541 vocis
1019 2474 1140 2559 imanis
1153 2474 1304 2540 hostibus
1313 2474 1474 2540 vocabulo
1485 2497 1557 2539 esse

503 2563 683 2650 objectum,
698 2562 787 2651 quod
803 2561 991 2649 oppositum
1006 2561 1106 2627 fuisse
1120 2562 1162 2628 ab
1177 2560 1391 2627 Antiochenis
1407 2562 1555 2648 patribus

501 2649 642 2718 Basilius
664 2662 697 2714 ct
717 2648 915 2714 Athanasius
936 2646 1120 2733 affirmant.)
1160 2646 1322 2735 intelligo,
1342 2648 1452 2735 pergit
1474 2647 1555 2711 scri·

501 2735 580 2802 bere
607 2734 763 2813 Hilarius,
789 2733 902 2799 uitium
927 2733 962 2798 in
984 2732 1209 2823 intelligentia.
1250 2735 1298 2799 Et
1321 2733 1481 2819 profanus
1505 2732 1557 2797 ltic

501 2843 608 2888 seruus
621 2832 679 2902 est,
695 2831 726 2886 et
743 2818 897 2885 communi
909 2818 1032 2906 judicio
1052 2818 1091 2884 al
1110 2818 1239 2886 ecclesia
1254 2818 1458 2906 respuendus.
1498 2818 1555 2885 Se-

501 2907 599 2972 cundo
614 2928 734 2993 quoque
748 2905 782 2968 id
795 2905 972 2983 addidistis,
987 2905 1072 2992 quod
1089 2917 1198 2992 patres
1215 2906 1327 2985 nostri,
1343 2927 1415 2970 cum
1430 2907 1556 2971 Paulus

503 2992 700 3057 Samosateus
721 2990 888 3056 ltaereticus
906 2991 1129 3076 pronuntiatus
1146 3004 1203 3071 est,
1218 2992 1314 3056 etiam
1331 2992 1556 3058 homoousion

501 3076 761 3162 repudiaverim.-
793 3077 869 3164 quia
886 3091 945 3161 per
965 3075 1046 3142 hanc
1064 3079 1158 3142 unius
1178 3077 1322 3142 essentiae
1341 3079 1555 3162 nuncupatio-

501 3187 573 3230 nem
594 3163 772 3228 solitarium
794 3174 889 3250 atque
909 3161 1036 3228 unicum
1057 3163 1116 3227 sili
1137 3186 1202 3227 esse
1224 3167 1354 3227 Patrem
1378 3176 1410 3228 et
1434 3164 1556 3228 Filium

494 3250 707 3338 praedicabat.
744 3250 792 3314 Et
814 3248 869 3312 ltoc
888 3270 963 3313 sane
983 3272 1066 3314 nunc
1086 3272 1207 3335 quoque
1225 3249 1492 3334 profanissimum
1507 3274 1556 3314 ec-

501 3335 597 3401 clesia
612 3335 810 3423 recognoscit,
827 3337 957 3399 Patrem
978 3345 1009 3399 et
1029 3334 1147 3399 Filium
1171 3336 1205 3398 in
1226 3333 1277 3398 tis
1294 3335 1457 3399 nominum
1475 3351 1554 3422 pro-

492 3421 688 3511 fessionibus
712 3421 755 3485 ad
780 3419 902 3485 unionis
930 3441 967 3484 ac
994 3419 1168 3506 singularis
1194 3419 1408 3500 solitudinem,
1435 3434 1557 3509 negata

499 3523 703 3594 personarum
722 3505 924 3592 proprietate,
944 3527 1095 3570 revocare.
1117 3527 1149 3590 p.
1169 3512 1257 3584 1196.
1274 3506 1327 3570 ed.
1347 3507 1554 3573 Benedictin.

503 3597 548 3659 Et
561 3594 711 3679 deinceps
726 3591 767 3656 ad
782 3595 813 3676 ξ.
826 3598 875 3656 86.
897 3589 992 3655 Male
1011 3591 1225 3655 homoousion
1242 3591 1465 3657 Samosatenus
1485 3617 1557 3658 con-

492 3680 604 3768 fessus
615 3689 680 3743 est:
701 3677 754 3742 sad
767 3675 911 3764 nunquid
923 3676 1034 3741 melius
1044 3676 1119 3740 Arii
1133 3681 1356 3764 negauerunt?
1382 3678 1556 3766 Octoginta

504 3765 637 3851 episcopi
659 3762 734 3828 olim
754 3773 949 3848 respuerunt,
962 3763 1016 3827 sed
1037 3763 1165 3826 trecenti
1187 3775 1218 3827 et
1239 3764 1342 3827 decem
1365 3777 1431 3827 octo
1455 3782 1557 3851 nuper

502 3861 693 3936 receperunt.
739 3849 790 3914 Ita
805 3861 929 3935 postea,
946 3862 1029 3913 teste
1043 3847 1237 3927 Sozomeno,
1253 3850 1348 3912 aisn
1363 3852 1439 3937 πρὸς
1454 3850 1557 3926 ἑαυτὰς

504 3937 653 4017 ὄςασίαζον
675 3941 699 3999 oi
718 3934 873 4014 ἐπίσκοποι,
890 3931 1138 4021 ἀκρεὲολογέμενοε
1159 3936 1227 4020 περὶ
1250 3935 1282 3996 si
1303 3933 1436 4018 dpoiorou
1455 3935 1556 4019 ὄνομα.
1585 3993 1588 3997 ,

504 4027 530 4084 oi
543 4023 593 4102 pin
608 4026 666 4107 γὰρ
679 4020 729 4094 ris
740 4019 1042 4104 τέτοπροσὸεχομένες
1056 4023 1234 4104 βλασφημεῖν
1247 4018 1343 4105 ᾤοντο,
1359 4024 1395 4095 ὥς
1410 4022 1557 4110 ὑπάρξεως

505 4108 583 4180 ἐκτὸς
597 4107 643 4168 τὸν
658 4108 712 4168 uidu
725 4105 899 4186 δοξάζοντας,
914 4108 961 4168 nul
975 4111 1013 4168 roi
1029 4105 1174 4169 Moutoiuou
1188 4108 1236 4168 uoci
1250 4104 1415 4172 Σαὲελλῖου
1437 4114 1556 4195 peoniu-

504 4214 566 4265 τας·
591 4196 614 4252 oi
634 4193 655 4251 δ’
676 4189 711 4252 αὖ
731 4190 836 4263 πάλιν,
857 4192 892 4262 ὥς
912 4192 1081 4267 Έλληνες-ἂς
1100 4193 1162 4265 τοὺς
1180 4191 1284 4277 ἑτέρους
1300 4193 1489 4278 ἐξετρέποντο,
1507 4195 1556 4258 nai

505 4276 663 4347 σολυθεΐας
677 4275 797 4357 εἰσάγειν
811 4270 968 4353 triduanos,
986 4277 1045 4339 &a
1077 4276 1164 4340 Hlsl.
1182 4276 1269 4340 Eccl.
1285 4277 1343 4340 lib.
1357 4279 1393 4341 il.
1409 4301 1484 4364 cap.
1506 4293 1556 4344 18.

423 4397 425 4401 1
506 4361 631 4424 Similia
643 4360 791 4421 Socrates
801 4379 930 4441 quoque
946 4360 1001 4422 lib.
1014 4361 1041 4422 Ι.
1058 4361 1145 4427 Hist.
1161 4384 1230 4447 cap.
1241 4360 1291 4425 23.¹
1313 4364 1380 4427 Sed
1395 4364 1557 4443 haeclobi-

507 4459 567 4510 ter.
605 4443 736 4507 Paulum
753 4463 826 4503 vero
842 4464 982 4527 unquam
999 4445 1062 4508 hoc
1079 4448 1211 4510 verbum
1227 4449 1277 4511 vel
1292 4470 1389 4514 sensu
1404 4473 1468 4514 suo
1484 4473 1557 4514 am·

504 4529 637 4676 plexum
659 4527 768 4624 fuisse,
783 4514 822 4586 id
835 4525 901 4624 alii,
923 4529 955 4589 ni
977 4529 1083 4620 fallor,
1099 4532 1316 4596 Athanasium
1339 4549 1440 4620 atque
1463 4537 1556 4601 Basi-

519 4635 586 4675 lum
603 4625 688 4675 recte
706 4625 903 4692 interpretati
925 4615 1052 4696 optimo
1070 4615 1145 4700 jure
1166 4632 1345 4703 negarunt3
1370 4620 1457 4686 inter
1472 4645 1557 4710 quos

504 4696 650 4762 eminent
662 4694 787 4774 Rullus,
802 4693 990 4779 Defensione
1007 4698 1096 4763 Fidei
1116 4702 1271 4784 Mesenae,
1289 4718 1369 4770 sect.
1383 4706 1419 4772 ii.
1436 4730 1511 4796 cap.
1527 4723 1564 4772 1,
