4092 5675
448 856 451 860 ,
519 775 586 862 33⁶
859 771 1221 839 Annossnonss

520 951 590 1008 mat
603 940 768 1008 Menrsius
781 939 815 1006 in
828 940 928 1008 Notis
942 942 976 1007 in
992 940 1175 1030 Phlegontis
1189 943 1381 1044 Fiugmmtu
1394 959 1475 1033 pag.
1490 956 1559 1023 170.

517 1027 604 1094 duos
618 1049 657 1093 ex
672 1026 814 1115 Origene
828 1026 918 1092 locos
932 1027 1078 1107 afferens,
1095 1029 1177 1094 libro
1192 1027 1319 1094 declmo
1334 1040 1447 1117 quarto
1465 1029 1559 1096 Phle-

518 1112 629 1199 gentis
650 1112 871 1178 testimonium
893 1112 957 1178 hoc
977 1127 1167 1178 contentum
1189 1114 1311 1196 fuisse.)
1357 1117 1487 1202 Quarto
1501 1139 1558 1196 au·

519 1214 587 1264 tem
600 1220 685 1263 anno
700 1219 793 1264 cen.
809 1198 1012 1286 Olympiadis
1033 1222 1152 1286 magna
1165 1213 1200 1264 et
1212 1200 1370 1266 excellens
1383 1200 1470 1266 inter
1487 1219 1557 1268 om·-

519 1303 587 1363 nes,
601 1305 673 1372 quse
693 1296 768 1349 ante
787 1305 863 1349 euru
884 1283 1077 1362 acciderant,
1095 1283 1234 1349 defectio
1252 1285 1328 1350 solis
1342 1285 1451 1351 facta:
1479 1279 1555 1354 Dss

518 1367 599 1433 hora
612 1382 702 1434 sexta
714 1370 748 1434 in
761 1370 964 1434 tenebrosam
979 1381 1108 1434 noctem
1123 1391 1231 1434 versus
1258 1383 1296 1436 ut
1309 1369 1411 1435 stellae
1425 1371 1460 1435 in
1474 1373 1556 1437 coelo

517 1452 594 1518 visae
611 1455 693 1521 sint:
717 1469 874 1542 terraeque
892 1468 1001 1520 motus
1014 1455 1049 1520 in
1063 1454 1139 1520 Bith
1165 1454 1217 1519 nia
1230 1416 1354 1522 δίκαιε
1369 1455 1459 1522 urbis
1473 1456 1555 1521 mul·

508 1551 567 1606 tas
582 1540 668 1605 aedes
683 1540 879 1606 subverterit.
932 1539 1015 1606 Hoec
1033 1477 1228 1627 suprotlictus
1249 1540 1307 1605 uir.
1323 1541 1555 1628 Argumentum

518 1633 623 1691 ostem
633 1626 730 1710 'hujus
743 1626 800 1705 rei,
817 1626 898 1713 quod
913 1625 1059 1691 Salvator
1079 1623 1137 1691 isto
1160 1645 1240 1691 anno
1265 1625 1414 1714 (Olymp.
1425 1637 1496 1691 νον.
1510 1631 1551 1710 s.)

511 1724 627 1795 posuis
647 1711 700 1789 sit,
719 1712 811 1775 Ευοοι
835 1708 929 1775 elium
947 1710 1069 1795 praeiet
1088 1711 1251 1790 Johonnis,
1266 1709 1301 1775 in
1318 1732 1378 1798 quo
1400 1709 1553 1793 scribitur,

508 1807 586 1879 'post
602 1816 665 1860 xv.
682 1818 798 1860 annum
842 1795 929 1860 iberii
944 1796 1042 1861 tribus
1064 1796 1154 1861 annis
1168 1796 1340 1860 Dominum
1355 1796 1551 1881 praedioosse.

514 1879 570 1945 Sic
591 1881 760 1959 Eusebiae,
784 1881 988 1969 Hieronymo
1007 1881 1159 1946 vertente.
1204 1881 1326 1946 Eadem
1343 1903 1422 1949 vero¹
1439 1884 1552 1947 Graeco

508 1985 664 2031 sermone
684 1965 832 2052 primitus
854 1965 1035 2054 conscripta
1058 1967 1151 2031 nobis
1176 1966 1309 2031 servavit
1330 1966 1550 2053 Synoellusin

516 2049 749 2146 Cironograplt.
764 2050 806 2115 ad
824 2073 900 2138 pag.
916 2063 985 2115 sol.
1006 2055 1112 2129 Ἰησοῦς
1132 2058 1145 2115 ὁ
1164 2054 1268 2140 Χςιςδς
1282 2057 1296 2115 ὅ
1310 2052 1364 2127 υίδς
1377 2060 1428 2118 τοῦ
1442 2056 1551 2132 &soii

515 2136 615 2224 Κύριος
630 2143 715 2219 ἡμῶν,
730 2140 806 2200 κατὰ
819 2141 870 2212 τοὶς
885 2137 952 2224 περὶ
967 2140 1040 2200 uini
1053 2138 1223 2224 προφητείας
1239 2138 1281 2200 insi
1295 2138 1330 2201 τδ.
1339 2136 1440 2213 παῖδος
1458 2135 1552 2287 apog

514 2219 589 2297 ἔτους
604 2220 651 2285 ιδ’.
677 2222 904 2305 (Scribendum
925 2243 995 2286 esse
1016 2219 1060 2300 ιη’.
1081 2222 1215 2288 suadent
1234 2222 1442 2308 potissimum
1462 2243 1514 2288 ver

510 2305 614 2393 ipsius
628 2305 759 2372 Eusebii
774 2307 814 2372 ad
829 2308 922 2372 linem
938 2305 1036 2407 hujus
1048 2308 1151 2396 ῥήσιος
1165 2305 1342 2394 sequentia.
1378 2307 1550 2402 Discrepu·

513 2392 571 2458 bat
591 2392 677 2457 enim
700 2415 719 2456 a
740 2393 846 2492 seipso
868 2393 1038 2470 Eusebrus‚
1057 2392 1144 2456 aliud
1162 2392 1195 2456 in
1217 2391 1267 2457 his
1284 2391 1457 2457 Chronicis
1478 2393 1551 2471 suis,

468 2529 471 2534 .
512 2476 603 2542 aliud
616 2477 650 2543 in
664 2478 734 2542 aliis
750 2499 814 2542 surs
829 2477 979 2564 operibus
994 2478 1056 2541 hac
1070 2476 1110 2541 de
1125 2499 1159 2542 re
1180 2481 1336 2560 statuens)
1359 2483 1408 2554 τῆς
1428 2476 1550 2563 Τιὲερίοι

428 2618 429 2621 ,
511 2563 674 2642 βασιλείας.
697 2565 762 2626 καθ’
778 2561 806 2628 δν
821 2565 913 2650 καιρὸν
927 2563 975 2625 καί
990 2568 1016 2626 ἐν
1027 2560 1125 2637 ἄλλοις
1137 2564 1188 2645 μὲν
1199 2565 1375 2639 Ἑλληνικοῖς
1389 2564 1549 2647 ὕπομνῆμαᾳ

509 2672 557 2711 σιν
581 2647 690 2733 εὕρομεν
714 2647 871 2734 ίςοροῦμενα
896 2651 973 2712 nasci
994 2648 1070 2727 λέξιν
1088 2654 1193 2712 ταῦτα.
1229 2649 1301 2711 “Ὁ
1321 2645 1396 2726 ἥλιος
1419 2649 1548 2726 ίξίλιπν.

509 2737 535 2773 “
550 2732 669 2797 Βιθυνία
683 2732 795 2812 istisin.
817 2731 941 2807 Νικαίας
955 2737 994 2796 τοὶ
1006 2737 1110 2799 πολλοὶ
1128 2733 1257 2797 &ruff
1284 2731 1305 2796 οἳ
1324 2733 1347 2820 ’i
1369 2732 1477 2820 ουνᾳδα
1496 2737 1549 2807 τοῖς

508 2818 580 2906 &egl
600 2820 632 2883 τδ
651 2818 749 2893 crisos
769 2825 818 2882 τοῦ
840 2818 969 2907 Σωτῆρος
990 2825 1066 2902 ἡμῶν
1086 2816 1299 2902 συμθεὸἧκοσιν.
1326 2817 1432 2907 γράφει
1454 2820 1482 2885 ii
1502 2820 1548 2884 ιιιί

505 2902 634 2989 Φλέγων
653 2909 666 2965 ὁ
684 2907 736 2977 τοὶς
752 2903 948 2985 Ὀλυμπιάδας
970 2950 1065 2968 .....
1085 2931 1128 2967 οτι
1144 2906 1154 2967 ί
1168 2912 1221 2969 τῶν
1236 2909 1327 2968 αὐτῶν
1341 2909 1368 2968 ἐν
1381 2908 1423 2990 τῷ
1437 2903 1489 2990 ιγ).
1502 2906 1548 2991 ῥῆ-

509 3006 597 3070 paors
612 2991 703 3062 αὐτοῖς
717 2987 793 3052 τάδε.
818 2994 840 3028 “
850 2992 899 3072 Τῷ
917 2987 949 3051 δ’.
967 2988 1018 3052 ἔτει
1033 2995 1081 3067 τῆς
1096 2931 1157 3054 οἷ’.
1171 2989 1362 3073 Ὀλυμπιάδος
1377 2989 1488 3073 ἐγένετο
1503 2990 1547 3055 ix-

509 3079 536 3112 “
550 3074 641 3154 λειιίνις
653 3070 729 3150 ἡλίου
743 3072 845 3160 μογίςη
859 3081 913 3137 τῶν
928 3073 1106 3159 ἐγνωσμένων
1123 3073 1268 3163 πρότερον·
1291 3071 1338 3155 κα)
1352 3075 1400 3154 νὺξ
1412 3072 1473 3163 ’ὥρα
1485 3074 1546 3163 ἕκτῃ

506 3164 536 3198 “
549 3162 597 3234 τῆς
610 3158 713 3247 ἡμέρας
731 3161 851 3244 ἐγένετο,
867 3157 920 3232 sies
939 3161 961 3246 οὲ
980 3160 1082 3247 iss-igue
1096 3165 1123 3226 ir
1138 3165 1241 3248 οὐρανῷ
1254 3166 1376 3244 φανῆναι.
1390 3161 1506 3243 σεισμός
1518 3186 1548 3224 τε

505 3250 532 3285 “
544 3243 636 3331 μέγας
648 3248 725 3308 κατοὶ
736 3242 867 3310 Βιθυνίαν
879 3245 1019 3330 γενόμενος
1030 3251 1068 3310 τοὶ
1078 3249 1175 3310 πολλοὶ
1188 3244 1313 3321 Νικαίας
1327 3243 1547 3333 καίεςρίψατο.”

508 3332 557 3395 καί
577 3337 669 3396 ταῦτα
686 3331 737 3413 μὲν
760 3337 773 3394 ὁ
791 3331 921 3409 δηλωθείς
944 3331 1019 3419 ἀνήρ·
1043 3331 1187 3420 τεκμήριον
1204 3333 1225 3393 δ’
1240 3329 1274 3394 oin
1287 3331 1393 3417 γίνοιτο
1408 3338 1459 3394 τοῦ
1473 3335 1547 3396 κατὶ

501 3416 569 3480 τόδε
582 3418 615 3481 οδ
630 3416 688 3491 ἔτος
703 3417 871 3481 πεπονθέναι
893 3417 939 3479 τδν
958 3419 1080 3505 Σωτῆρα
1099 3423 1115 3494 ἡ
1135 3423 1183 3481 τοῦ
1202 3416 1305 3501 Κυρίου
1325 3419 1403 3480 κατὰ
1423 3416 1548 3495 Ἰωάνην

506 3501 676 3588 εὐαγγελίου
689 3502 839 3589 μαρτυρία,
856 3503 913 3578 ἥτις
926 3505 1001 3583 μετὰ
1016 3503 1049 3565 si
1071 3499 1112 3565 ιε’.
1131 3501 1188 3576 ἔτος
1207 3499 1276 3566 Tuis
1294 3501 1333 3566 ίου
1345 3508 1439 3588 spissi
1448 3502 1546 3589 χρόνον

504 3592 553 3664 τῆς
567 3587 749 3661 διδασκαλίας
763 3592 837 3650 ainsi
850 3586 1014 3672 διαγένεὲιον
1027 3591 1170 3673 μαρτυρεῖ.
1210 3587 1264 3651 De
1276 3528 1341 3652 isac
1357 3586 1545 3674 Phlegontis

504 3674 578 3759 ῥήσει
591 3672 624 3737 id
638 3671 810 3737 dicendum
823 3672 893 3749 erit,
907 3671 995 3758 quod
1007 3695 1051 3736 sae
1075 3694 1093 3735 e
1102 3671 1172 3759 jam
1184 3672 1226 3736 ab
1238 3671 1307 3737 aliis
1319 3672 1456 3752 dietum,
1468 3670 1545 3737 nihil

504 3759 539 3822 in
562 3757 741 3844 Phlegonte
762 3757 1020 3844 repraesentando
1044 3695 1085 3821 <ie
1131 3757 1283 3822 lenilunio
1305 3756 1360 3821 hic
1381 3757 1543 3843 scripsisse

504 3843 702 3935 Eusebium¹
725 3842 791 3908 imo
807 3842 914 3929 palam
929 3864 999 3906 esse
1013 3842 1094 3906 nihil
1107 3779 1296 3930 iujusmodi
1313 3864 1332 3907 a
1353 3841 1543 3928 Phlegonte,

503 3931 573 4017 qui,
600 3929 725 4015 opino'r,
751 3928 883 4014 eclipsin
908 3948 1014 3992 veram
1040 3950 1109 3992 esse
1137 3927 1282 4008 credidit,
1307 3948 1420 4014 reapse
1445 3927 1543 3992 finisse

502 4027 744 4096 memoratum3
778 4015 845 4079 imo
870 4026 986 4079 testem
1011 4013 1112 4078 alium
1136 4012 1317 4078 omissionis
1342 4011 1444 4077 habes
1470 4011 1542 4078 Ori·

501 4120 621 4198 genem
639 4099 672 4162 in
688 4100 827 4164 Tractat.
842 4098 911 4187 ejus
925 4113 976 4163 35.
992 4099 1026 4163 in
1040 4098 1248 4177 Mottiaeum,
1269 4097 1325 4163 ubi
1344 4097 1542 4164 inducuntur

501 4182 644 4249 infideles
659 4185 790 4282 quidam
805 4199 918 4250 contra
932 4185 1079 4249 tenebras
1093 4184 1165 4248 illas
1180 4184 1322 4270 patiente
1338 4182 1472 4272 Christo
1492 4183 1541 4248 di-

502 4268 619 4334 vinitus
634 4289 747 4333 mlssas
760 4270 842 4334 inter
856 4270 918 4335 alis
931 4269 1018 4336 istud
1032 4268 1237 4357 objicientes:
1254 4270 1301 4333 Et
1315 4267 1457 4356 Phlegon
1471 4266 1541 4356 qui·

501 4355 573 4421 dem
588 4353 621 4417 in
639 4351 796 4445 chronicis
809 4356 873 4420 suis
886 4355 1020 4440 scripsit,
1033 4355 1066 4421 ι’νι
1077 4354 1259 4441 principatu
1274 4353 1390 4420 Tiberii
1406 4351 1541 4419 Caesurr's

488 4442 622 4528 foetum
635 4437 689 4522 (de
700 4439 809 4526 eclipsi
821 4441 958 4524 dieunt),
968 4440 1021 4506 sed
1036 4464 1096 4505 ιιοιι
1109 4439 1298 4591 οἱςκὲιουίι
1313 4439 1436 4505 iro-luno
1445 4438 1545 4541 plenu

500 4526 558 4590 ίιοο
567 4526 709 4612 foetum.
732 4547 764 4612 p.
779 4541 849 4604 923.
866 4526 917 4591 ed.
932 4527 1132 4592 Benedictin.
1211 4549 1266 4606 um
1281 4548 1356 4591 vero
1375 4546 1426 4590 res
1446 4539 1494 4591 ita
1507 4546 1542 4590 se

499 4612 629 4690 habeat,
645 4610 733 4676 haud
754 4612 830 4677 satis
849 4625 997 4678 accurate
1038 4610 1147 4677 uidem
1168 4608 1332 4700 scripsisse
1348 4611 1476 4678 videtur
1490 4611 1542 4676 A·

498 4697 651 4780 inienuus,
673 4698 732 4764 sed
749 4697 846 4767 verbe
866 4720 926 4766 sus
945 4697 1009 4766 illis
1057 4697 1240 4786 hlegonteis
1260 4696 1439 4766 miscuisse.
1485 4696 1543 4763 Sin
