4092 5675
479 809 782 879 urs-monus.
800 785 1323 877 transsumuntur..
1360 832 1421 896 421

407 981 471 1046 ·'P.
483 997 555 1061 391.
572 984 594 1048 l.
611 998 655 1048 13.
677 992 768 1048 ναῦτα
786 985 837 1066 μὲν
858 981 902 1068 ἓν]
922 982 1113 1049 Partieuiam
1130 979 1162 1043 ἔν
1176 1004 1193 1045 e
1209 1004 1314 1047 novem
1327 983 1425 1069 serip-

387 1067 433 1132 tis
447 1067 566 1154 recepi.
1395 1097 1398 1102 ·

434 1153 520 1218 ibid.
538 1155 559 1218 l.
577 1166 621 1217 14.
644 1152 787 1241 ἔγραφο]
804 1156 879 1217 Post
893 1152 962 1217 haec
981 1153 1202 1219 collocandum
1218 1153 1322 1217 curavi
1336 1154 1425 1240 quod

386 1235 544 1325 Dionysii
566 1241 735 1303 verborum
759 1238 948 1303 breviarium
969 1240 1046 1303 fecit
1068 1253 1181 1303 auctor
1203 1240 1263 1302 sub
1289 1240 1425 1308 Aristini

387 1323 520 1388 nomine
536 1323 661 1404 editus3
684 1347 755 1401 nam
778 1325 853 1388 huic
875 1324 1068 1409 epitimatori
1083 1325 1141 1389 soii
1157 1323 1310 1387 debemus
1326 1325 1423 1411 hujus

385 1408 490 1492 partis
507 1409 715 1496 Dionysianae
730 1409 872 1495 epistolae
889 1409 1047 1488 notitiam,
1061 1410 1120 1474 etsi
1135 1432 1174 1472 ex
1192 1410 1286 1472 titulo
1302 1409 1371 1496 ejus
1390 1411 1422 1474 in

386 1492 491 1557 codice
505 1495 633 1557 Barocc.
650 1502 697 1559 66.
718 1494 802 1558 haud
824 1494 981 1580 integram
996 1517 1075 1573 esse,
1090 1509 1127 1559 ut
1141 1495 1231 1557 initio
1247 1494 1324 1573 dixi,
1340 1495 1422 1559 hanc

387 1578 561 1664 epistolam
588 1594 672 1643 reete
697 1580 806 1665 colligi
833 1580 943 1664 possit.
995 1580 1152 1644 Praemisit
1177 1595 1283 1646 autem
1311 1596 1422 1642 auctor

368 1666 501 1729 'atatim
515 1676 590 1749 post
603 1666 716 1751 prioris
730 1666 827 1751 partis
844 1664 1030 1728 breviarium
1048 1665 1117 1729 haec
1131 1666 1245 1728 verba:
1268 1669 1324 1727 Τοῦ
1339 1669 1422 1727 αὐτοῦ

389 1749 570 1835 (Dionysii)
587 1752 654 1835 περὶ
669 1758 723 1814 τῶν
737 1752 917 1827 ἀκοινωνήτων
931 1751 981 1831 μὲν
1000 1750 1093 1828 ὄντων,
1108 1748 1180 1836 φίὲῳ
1194 1751 1221 1812 δὲ
1236 1749 1345 1814 savara
1360 1778 1421 1813 κοι-

386 1832 537 1911 medum,
550 1834 611 1897 είσοο
624 1836 809 1899 ἔπιθοοιίντων.
831 1835 941 1901 Tor}
953 1836 1103 1922 προσδοκίᾳ
1117 1837 1226 1899 &ardre
1245 1835 1302 1897 &e
1326 1836 1422 1921 Ejus·

387 1918 478 1998 dem,
494 1920 546 1984 De
567 1919 615 1997 iis,
631 1922 685 2007 qai
700 1943 768 1984 eum
783 1920 1036 1991 exeommunicati
1047 1922 1186 2008 fierint,
1201 1932 1231 1985 et
1249 1935 1319 2004 prae
1340 1932 1424 1985 mela

385 2002 499 2068 martis
513 2004 555 2068 ed
568 2005 804 2069 communionem
823 2006 949 2069 admissi
959 2018 1068 2090 postea
1083 2006 1305 2069 convalescunt.
1341 2008 1421 2070 Eos

386 2089 443 2176 qui
466 2110 533 2175 prae
555 2092 774 2177 expectatione
795 2090 906 2155 mortis
927 2090 987 2155 &e
1024 2091 1154 2155 Deinde
1176 2090 1328 2177 sequitur,
1354 2094 1422 2178 περὶ

386 2175 578 2262 ἀκαθαρσίας.
810 2187 818 2202 ”
1388 2182 1390 2185 ’

431 2260 467 2324 Ρ.
479 2275 549 2339 392.
564 2262 586 2326 l.
599 2274 629 2323 2.
650 2261 778 2335 πλείονος
795 2260 912 2343 δεόμενος
930 2263 1085 2349 ἓποςςοφῆς]
1103 2258 1302 2346 Hujusmodi
1315 2284 1422 2326 eausae
1511 2310 1513 2315 -

387 2343 428 2410 de
442 2346 674 2431 poenitentibus
690 2348 831 2433 episcopi
848 2346 974 2434 judicio
988 2349 1218 2433 permittuntur
1231 2368 1250 2409 a
1264 2348 1422 2411 veteribus
1490 2406 1494 2415 .

388 2430 578 2495 canonibus.
1022 2450 1025 2454 '

431 2509 516 2580 ibid.
531 2517 553 2581 l.
568 2523 598 2581 6.
620 2524 673 2580 τῶν
692 2520 717 2578 ἓν
731 2516 836 2603 &paige
853 2518 1002 2601 γυναικῶν]
1022 2518 1176 2582 Zonaras.
1205 2511 1347 2605 Ἑθμοοίὸες
1367 2544 1422 2602 γυ·

387 2604 478 2676 ναῖκες
492 2599 536 2665 ὅτε
550 2600 662 2687 γίνηται
675 2605 770 2675 αὐταῖς
785 2608 865 2677 ἡτῶν
880 2601 1002 2683 ἓμμῆνων
1015 2609 1091 2707 μῦσος
1105 2606 1132 2664 ἐν
1148 2602 1222 2688 τόσῳ
1241 2603 1422 2690 μεμονωμένῳ

388 2687 754 2772 καθῆμονοον,.ἡσνχᾶζεσνν,
770 2686 817 2761 ἕως
838 2686 872 2749 dv
893 2687 954 2749 inid
971 2694 1068 2775 {megae
1081 2686 1275 2773 παρέλθωσιν.
1303 2688 1363 2752 ὅθεν
1380 2686 1421 2751 ei-

387 2773 481 2851 ληπίαν
494 2771 527 2835 τί
542 2776 568 2835 ἓν
583 2772 699 2860 ἀφέδςῳ,
714 2774 818 2850 δηλοῦν,
834 2774 864 2833 τὸ
881 2771 1042 2857 κεχωρίῶσν
1057 2776 1143 2847 αὐτὰς
1157 2774 1210 2838 ἀπὸ
1225 2779 1272 2851 τῆς
1289 2781 1343 2838 τῶν
1362 2788 1423 2838 λοο-

388 2865 443 2920 am
458 2857 586 2946 ἕδνοιςοός
601 2858 787 2942 ἀκαθάρτους.
822 2859 876 2922 De
898 2858 961 2922 hoc
982 2867 1035 2920 τῶν
1055 2858 1086 2921 ο’.
1105 2859 1314 2946 interpretum
1328 2883 1423 2926 voca·

387 2934 467 3007 bulo
481 2942 598 3007 similia
611 2943 730 3006 habent
745 2956 949 3008 annotatores
964 2944 1005 3008 ad
1020 2944 1166 3032 Hesych.
1182 2969 1210 3009 v.
1227 2945 1342 3034 ἀοέδμῳ.

431 3026 517 3092 ibid.
533 3027 556 3091 i.
572 3044 618 3092 10.
640 3028 655 3106 ἢ
676 3035 708 3115 τῇ
729 3030 848 3115 τραπέζῃ
870 3036 902 3114 τῇ
925 3029 997 3114 ἁγίᾳ
1019 3032 1200 3115 προσελθεῖν]
1218 3031 1423 3096 Balsam-

388 3115 421 3187 ὥς
437 3111 508 3177 ἔοικε
530 3114 557 3176 δὲ
577 3116 609 3178 τὸ
628 3116 747 3178 παλαιὸν
762 3116 920 3200 εἰσήμχοντο
935 3117 1062 3199 γυναῖκες
1076 3119 1112 3188 είς
1125 3117 1156 3177 τὸ
1170 3117 1358 3201 θυσναςῆμνον,
1374 3116 1422 3179 καὶ

369 3262 374 3273 ,
389 3199 441 3261 rixi
453 3203 503 3275 τῆς
521 3197 608 3284 ἁγίοις
624 3200 759 3282 τραπέζης
775 3197 993 3280 μετελάμέανον.
1023 3201 1067 3261 διὰ
1079 3205 1158 3261 τοῦτο
1172 3201 1230 3284 γὀὶμ
1244 3202 1291 3262 καί
1303 3209 1352 3263 τοῦ
1366 3201 1420 3264 δυ’-

388 3284 529 3371 σοαςημίου
543 3284 677 3366 μέμνησο(
691 3291 704 3347 ὁ
720 3285 817 3348 κανών.
855 3283 976 3346 Confer
989 3283 1155 3346 Valesium
1170 3285 1210 3347 ad
1224 3285 1421 3372 Dionysium

388 3368 480 3433 Alex.
504 3370 591 3455 apud
614 3371 731 3434 Euseb.
755 3371 842 3433 Hist.
864 3368 953 3432 Eccl.
971 3367 1022 3430 vii.
1037 3385 1067 3445 9.
1089 3369 1144 3455 qui
1167 3369 1300 3432 vetitum
1323 3370 1420 3433 fuisse

388 3468 499 3537 postea
511 3454 601 3519 laicis
614 3467 680 3518 tam
695 3456 766 3518 viris
783 3477 878 3542 quam
894 3452 1092 3532 mulieribus,
1108 3466 1144 3517 ut
1158 3454 1198 3517 ad
1212 3455 1311 3519 altare
1326 3477 1420 3518 acce·

388 3538 511 3617 decent,
526 3540 679 3604 ostendit.

425 3625 514 3691 Ibid.
528 3625 551 3688 i.
568 3639 613 3688 12.
625 3626 791 3710 σπεύδοντα]
807 3627 932 3690 Vocem
948 3623 1056 3687 omisit
1070 3620 1261 3709 Beveregius
1274 3624 1306 3687 in
1320 3625 1419 3711 Syno-

386 3707 461 3789 dico,
477 3709 534 3781 sed
549 3709 700 3775 exhibent
719 3711 806 3774 iilam
829 3723 890 3774 tres
909 3708 1108 3774 versatissimi
1122 3708 1240 3792 scripti.
1255 3715 1306 3772 26.
1322 3723 1355 3773 et
1369 3716 1418 3773 86.

381 3800 511 3944 pisos&
549 3795 634 3860 Cum
659 3817 781 3861 canone
806 3796 911 3881 primo
937 3817 996 3858 nos
1024 3793 1211 3857 deserebant
1238 3793 1421 3859 Coislinz'ani

452 3891 488 3943 tt.

386 3974 390 3979 ’
424 3964 513 4030 ibid.
527 3963 550 4028 i.
568 3972 614 4030 16.
636 3971 672 4040 είς
685 3968 712 4029 δὲ
727 3965 765 4028 τοὶ
778 3964 848 4051 ἅγιον
862 3967 882 4052 si,
897 3963 934 4027 rai
948 3962 1019 4048 ἑίγνα
1033 3972 1087 4027 τῶν
1106 3962 1207 4046 οἱγίων]
1225 3965 1332 4026 Voces
1346 3964 1368 4050 'i
1382 3964 1420 4028 τοὶ

377 4046 454 4135 ἅγιοι
467 4071 509 4113 ex
522 4051 607 4114 codd.
622 4051 759 4114 omnibus
773 4066 888 4135 praeter
903 4057 951 4114 86.
966 4065 999 4114 et
1013 4057 1082 4113 625.
1096 4048 1231 4111 restitui.
1254 4050 1424 4113 Nimirum

401 4135 557 4199 u'aesitum
579 4151 639 4213 est,
661 4158 701 4199 an
727 4137 874 4199 mulieres
899 4134 1020 4217 ἐμμῆννοι
1044 4135 1179 4199 domum
1205 4134 1268 4196 Dei
1293 4135 1419 4220 ingredi

373 4154 535 4299 debeant,
544 4222 632 4307 quod
647 4232 745 4307 negat
760 4221 951 4308 Dionysius3
968 4222 1108 4283 Zonaras
1123 4218 1209 4281 enim
1223 4241 1298 4283 cum
1312 4220 1422 4284 Balsa-

374 4323 481 4370 mone
497 4326 563 4368 non
580 4305 682 4372 solum
700 4328 860 4370 sacrorum
878 4305 1115 4391 mysteriorum,
1130 4326 1202 4388 quae
1217 4304 1344 4390 quidem
1363 4329 1420 4368 vo-

371 4391 474 4456 cibus
486 4393 525 4453 τοὶ
539 4387 610 4473 ἅγια
624 4401 678 4454 τῶν
692 4391 779 4472 ἁγίων
791 4390 908 4476 signari
921 4390 1040 4453 indicat
1053 4402 1086 4452 et
1101 4389 1420 4475 Pseudo-Dionysius

371 4478 507 4560 Areop.
520 4475 626 4560 Epist.
636 4477 699 4539 viii.
713 4479 741 4559 ᾧ.
757 4492 782 4540 1.
800 4475 993 4539 mentionem
1005 4474 1092 4552 fecit,
1104 4473 1203 4536 sedet
1217 4475 1330 4558 templi
1344 4474 1418 4537 Dei.
1464 4502 1466 4507 ·

372 4560 586 4647 Eixediaapiv
597 4567 654 4646 γὰρ
669 4563 690 4647 »ᾖ
705 4569 741 4624 τέ
757 4562 847 4644 Kopia
862 4558 1006 4643 μέμνηὲοαί
1017 4577 1097 4637 φησιν
1112 4559 1327 4644 (Dionysius),
1340 4561 1379 4619 οἷδ’
1393 4563 1419 4620 ἐν

370 4653 415 4731 τῷ
427 4643 535 4730 τονέτομ
552 4654 637 4731 καιρῷ
652 4648 865 4724 amandissimi.
889 4650 924 4717 οἷς
938 4646 1000 4708 ναὸν
1015 4646 1042 4707 δὲ
1057 4649 1121 4706 (ese
1135 4644 1242 4719 riarium
1252 4643 1267 4718 ἢ
1276 4645 1420 4722 μείαλοομ-

372 4731 468 4797 earm
485 4736 574 4807 αὑτὰς
586 4741 640 4794 τῶν
652 4732 838 4816 &prosapiem
853 4732 869 4792 ἐ
885 4732 933 4792 δεῖ.
958 4732 1040 4794 Haec
1053 4732 1206 4795 Zonaras.
1231 4727 1322 4792 Idem
1336 4750 1420 4815 quo-

861 4836 882 4879 a
896 4829 942 4879 e3
