4092 5675
734 759 787 826 ΙΝ
808 757 1033 825 Arnrcam
1057 756 1314 826 cunamen.
1480 779 1544 852 355

498 941 671 996 utentum
686 927 728 994 sit
741 928 784 994 ad
796 931 900 995 Num.
918 950 1056 995 xxxtx.
1071 929 1215 1016 nihilque
1229 930 1364 1009 intersit,
1378 953 1418 995 an
1431 930 1546 998 Mora·

498 1014 600 1080 carita·
613 1035 734 1079 nomen
748 1014 959 1080 verisimiliter
973 1014 1248 1101 interpretandum
1264 1017 1304 1080 sit
1318 1039 1393 1082 cum
1410 1018 1451 1083 cl.
1465 1018 1544 1084 Val-

498 1099 601 1166 hraio
613 1099 724 1166 Murci
736 1098 861 1165 Aurelii
875 1101 977 1179 Aviti,
992 1124 1034 1166 an
1049 1124 1166 1168 nomen
1182 1103 1452 1168 contumeliosum
1468 1125 1545 1168 esse

497 1185 715 1266 existimetur,
729 1186 897 1251 consimile
919 1187 1031 1252 multis
1053 1188 1135 1266 aliis,
1150 1209 1224 1273 quae
1245 1187 1374 1252 abunde
1393 1190 1544 1254 meritum

497 1285 553 1338 est
571 1272 768 1371 propudium
792 1271 889 1337 istud.
934 1273 1034 1337 Certe
1055 1274 1089 1337 in
1110 1273 1174 1337 hoc
1194 1273 1273 1352 viro,
1289 1274 1341 1337 cui
1361 1275 1545 1341 Alexander

499 1373 669 1436 sucoeasrt,
688 1358 770 1438 linis,
790 1371 872 1424 teste
889 1358 1078 1445 Lampridio
1097 1380 1126 1424 c.
1141 1373 1191 1423 33.
1213 1357 1381 1446 Helicgai.
1403 1362 1543 1425 Antoni·

498 1463 622 1508 norum
636 1444 759 1510 nomini
772 1443 805 1509 in
820 1444 984 1530 republica
996 1445 1069 1509 fuit.
1097 1443 1175 1509 Vid.
1190 1457 1224 1507 et
1236 1464 1308 1528 cap.
1320 1461 1350 1509 5.
1365 1459 1399 1509 et
1413 1467 1479 1531 seq.
1493 1448 1544 1510 A·

497 1525 629 1594 hand.
656 1528 727 1595 Seu.
776 1530 834 1595 Sin
860 1552 935 1595 vero
960 1530 1001 1595 ad
1025 1532 1155 1594 initium
1180 1541 1304 1594 tanturn
1332 1531 1499 1616 Elagabali
1524 1554 1545 1595 a

485 1609 627 1680 -christi
644 1631 751 1681 morte
768 1637 870 1680 annos
889 1615 1136 1701 computaveris,
1155 1614 1316 1678 constabit
1335 1637 1375 1679 ex
1394 1619 1544 1680 Numero

501 1717 643 1765 xxxi-x.
658 1722 696 1764 ac
710 1701 771 1765 fine
787 1704 890 1766 Num.
907 1724 938 1765 c.
956 1704 1041 1766 inter
1062 1724 1096 1765 se
1110 1700 1255 1779 collatis,
1274 1701 1464 1767 Africanum
1486 1723 1544 1765 an-

499 1805 564 1850 nos
584 1785 647 1850 sibi
667 1807 776 1851 revera
794 1786 963 1873 collegisse
982 1787 1289 1866 188.ve1189,n0n‚
1307 1801 1345 1852 ut
1367 1788 1418 1851 bic
1440 1788 1543 1874 scrip-

498 1882 577 1936 tum
594 1884 745 1952 est,184.
789 1873 928 1951 Interea,
949 1896 1052 1973 quum
1072 1886 1206 1938 auctore
1227 1872 1416 1939 Herodiano
1439 1873 1495 1938 lib.
1516 1898 1545 1940 v.

500 1953 593 2022 istst.
607 1978 678 2043 cap.
693 1971 742 2040 17.
758 1979 816 2021 avo
831 1958 986 2039 Bassiani,
998 1960 1063 2023 sive
1079 1958 1248 2044 Elagabali
1270 1958 1355 2044 Imp.
1370 1957 1545 2024 Alesianus

499 2063 625 2108 nomeu
644 2043 754 2122 fuerit,
776 2042 926 2130 idemque
949 2066 1068 2109 nomen
1091 2043 1285 2108 consobrino
1308 2045 1379 2131 ejus
1401 2044 1545 2109 Alexan·

499 2127 564 2194 dro
585 2129 704 2195 Severo
725 2129 817 2193 initio
837 2129 988 2209 inditum,
1008 2152 1107 2217 quem
1129 2128 1258 2215 quidem
1278 2129 1429 2217 juvenem
1456 2131 1545 2215 prius

542 2214 700 2314 pellatam
726 2236 797 2279 esse
823 2214 1011 2279 Bassianum
1037 2228 1151 2279 contra
1176 2213 1274 2278 tradit
1299 2215 1485 2300 Xiphilinus
1509 2215 1544 2279 in

497 2235 620 2365 ⁸illimis
638 2299 796 2386 Epitome,
820 2301 874 2363 vit.
897 2300 989 2364 Aviti
1011 2323 1044 2387 p.
1063 2316 1134 2365 351.
1158 2298 1210 2364 ed.
1235 2300 1280 2363 H.
1307 2300 1413 2385 Steplr.
1436 2313 1544 2387 potest

498 2385 586 2452 alter
604 2386 816 2452 consobrinus
836 2385 1043 2471 Elagabalus,
1063 2408 1128 2449 non
1146 2384 1341 2463 Alexander,
1360 2387 1462 2451 altero
1483 2408 1543 2449 no-

499 2472 594 2538 minc
603 2471 756 2537 Alaoeiani
769 2483 901 2536 vocatus
916 2472 1015 2536 fuisse
1027 2495 1037 2552 3
1059 2486 1145 2536 certe
1161 2492 1281 2534 nomen
1295 2470 1472 2535 Alexandri
1485 2472 1544 2534 ali·

499 2577 601 2622 enum
620 2559 663 2622 ab
682 2556 746 2621 boc
766 2556 839 2621 loco
854 2556 988 2621 videtur.
1033 2558 1097 2623 Sed
1117 2578 1168 2620 res
1189 2577 1319 2641 prorsus
1340 2558 1461 2621 incerta
1482 2569 1542 2621 est.

500 2643 568 2710 His
581 2643 720 2730 denique
735 2644 767 2708 in
783 2644 858 2706 MS.
874 2643 1076 2708 Mertonensi
1096 2663 1197 2728 pauca
1217 2641 1364 2728 quaedam
1385 2642 1544 2729 adjiciun-

500 2743 569 2810 tur,
580 2751 654 2817 quse
668 2731 828 2814 pertinent
840 2727 881 2790 ad
895 2728 1054 2796 annorum
1069 2749 1211 2795 summas
1225 2727 1391 2815 aliquanto
1405 2741 1481 2817 post
1494 2728 1543 2792 A·

499 2815 618 2883 fricaui
630 2828 777 2904 tempora
791 2813 954 2882 collectas.
1648 2821 1652 2830 ‘

546 3076 691 3141 Ftnsra
714 3077 904 3142 collectione
929 3079 1198 3164 Fragmentomm
1226 3074 1382 3152 Africani,
1404 3096 1543 3160 quorum

495 3163 644 3251 plurima
658 3184 770 3229 omues
785 3176 819 3226 et
832 3164 990 3248 singulos,
1004 3160 1093 3248 quod
1109 3162 1219 3239 sciam,
1234 3159 1377 3224 historiae
1396 3160 1543 3224 literaria

501 3249 679 3334 scriptores
700 3249 817 3313 aliosve
838 3249 993 3312 hactenus
1011 3249 1177 3332 fugerunt,
1192 3245 1312 3330 aliquid
1332 3244 1482 3343 adjiciam
1504 3246 1546 3309 de

502 3334 668 3401 nonnullis
681 3335 845 3419 opusculis
867 3355 905 3397 ac
923 3334 1004 3397 locis
1020 3332 1124 3397 eidem
1140 3331 1355 3416 chronologo,
1370 3331 1545 3408 immerita,

502 3422 538 3485 ni
552 3420 657 3498 lallor,
671 3435 728 3484 aut
741 3421 854 3485 saltem
870 3420 1046 3505 ἀμαρτύρως,
1061 3417 1234 3481 attributis.
1265 3417 1371 3480 Misso
1386 3415 1545 3479 Gestorum

501 3506 601 3585 libro,
613 3506 701 3592 quod
716 3506 845 3592 quidem
861 3527 943 3590 opus
956 3501 1218 3569 semi-ethnicum
1232 3513 1328 3588 atque
1343 3502 1454 3567 incerti
1469 3523 1545 3566 auc·

501 3593 595 3671 toris,
611 3591 762 3655 mutilum
778 3607 874 3677 atque
889 3590 1132 3676 interpolatum,
1147 3589 1188 3652 de
1209 3589 1368 3675 rebusque
1392 3587 1546 3651 naturali·

503 3678 567 3743 bus
580 3699 693 3763 agens,
707 3678 749 3740 ad
765 3692 888 3741 nostras
903 3692 989 3741 certe
1007 3675 1146 3740 rationes
1168 3674 1247 3738 nihil
1269 3673 1407 3759 pertinet
1416 3696 1425 3752 3
1449 3672 1547 3736 missa

503 3785 637 3852 quoquc
659 3762 805 3826 Passione
828 3764 860 3827 S.
885 3761 1101 3848 Symphorosce
1121 3771 1158 3824 el·
1173 3769 1289 3845 septem
1297 3758 1447 3845 filiarum
1468 3759 1546 3842 ejas,

503 3870 604 3951 quam
618 3848 751 3936 quidem
767 3863 912 3913 anostra
928 3849 1083 3912 Africano
1101 3847 1197 3910 scribi
1212 3867 1306 3931 posse
1321 3857 1353 3908 et
1368 3843 1546 3908 Tillemon-

503 3948 571 4003 trus
588 3949 622 3998 et
643 3935 815 3998 Ruinartus
838 3935 1020 4019 opinantur,
1035 3955 1109 4033 quae
1129 3953 1203 3996 vero
1223 3930 1316 3997 nullo
1333 3928 1451 3993 idoneo
1475 3930 1546 3992 nixa

501 4020 694 4087 testimonio
708 4042 781 4083 mea
795 4019 908 4083 saltem
924 4033 1081 4083 sententra
1095 4017 1124 4081 ei
1138 4014 1352 4103 abjudicanda
1365 4030 1434 4091 est;
1455 4029 1548 4079 nota-

502 4106 560 4186 bo,
575 4106 775 4170 mentionem
797 4105 902 4169 facere
924 4106 1055 4169 Petrum
1073 4101 1285 4167 Lambeciunr
1304 4115 1395 4165 tomo
1409 4124 1437 4163 v.
1455 4100 1546 4164 Com-

502 4202 603 4257 nent.
626 4191 659 4255 in
680 4190 830 4255 Bibliotlr.
847 4190 879 4255 V
878 4190 978 4254 indul.
1001 4212 1033 4276 p.
1048 4202 1119 4253 355.
1141 4187 1261 4251 codicis
1283 4186 1402 4264 Graeci,
1423 4186 1456 4249 in
1480 4210 1546 4272 quo

503 4290 594 4343 extat
610 4277 753 4341 Africani
774 4277 924 4340 Narratio
947 4277 985 4340 de
1004 4275 1045 4338 iis
1064 4296 1137 4360 quae
1155 4271 1351 4360 contigerunt
1371 4271 1404 4335 in
1421 4272 1549 4336 Perside

500 4377 561 4449 per
584 4362 824 4426 incarnationem
855 4361 912 4445 (διὰ
936 4369 984 4439 τῆς
1007 4361 1243 4444 ἐνανθρωπήσεως)
1272 4357 1399 4423 Cirritti.
1451 4358 1548 4420 Hauc

504 4449 776 4515 narratiunculam
796 4446 1059 4533 Clrronograplrioe
1072 4445 1216 4510 Africani
1231 4458 1353 4529 partem
1369 4443 1466 4506 fuisse
1482 4441 1548 4507 Ca·

503 4536 576 4599 vius
592 4533 722 4621 quidem
738 4535 917 4617 suspicatus
933 4548 1003 4611 est;
1026 4532 1084 4597 sed
1103 4544 1274 4629 postquam
1297 4530 1330 4592 in
1351 4549 1456 4591 meam
1472 4548 1549 4612 gra-

502 4622 583 4685 tiam
600 4620 760 4704 descripta
775 4636 870 4697 esset,
885 4620 987 4705 ipsam
1005 4617 1078 4680 novi
1099 4616 1143 4679 nil
1164 4616 1225 4679 nrsi
1244 4635 1349 4679 meras
1363 4633 1465 4696 nugas
1478 4630 1549 4677 esse

501 4719 540 4773 et
560 4704 763 4796 τερατολογίαν
786 4703 827 4768 de
849 4702 1049 4790 proiectione
1072 4703 1251 4788 Magorum
1272 4699 1314 4765 ad
1334 4696 1553 4765 renermdum·

983 4802 1069 4853 ΔΒΖ
