4092 5675
750 585 752 590 ·
813 569 826 610 l

508 777 574 850 tor
759 759 764 768 ·
844 756 1206 828 auuomrrouns
1310 758 1314 769 ·

510 946 582 998 tum
598 931 630 996 in
645 930 779 996 summis
794 932 938 997 omnium
954 955 1111 998 annorum
1128 932 1285 1013 collectis,
1298 932 1436 998 inventi..
1466 931 1563 1004 Pras

509 1019 742 1083 stantissimum
767 1032 801 1083 et
826 1042 989 1105 nunquam
1013 1021 1090 1084 satis
1113 1020 1279 1084 laudatum
1300 1036 1551 1089 monumentum

505 1105 639 1170 easdem
661 1104 802 1191 appellat
824 1105 966 1190 Scaliger
987 1105 1170 1190 Prolegom.
1194 1106 1227 1169 in
1248 1106 1380 1171 Eusebii
1397 1107 1552 1172 Chronico

503 1212 543 1277 p.
558 1214 586 1254 v.
627 1190 749 1277 Aitque
764 1190 809 1253 vir
822 1192 864 1255 cl.
878 1192 1018 1255 Joannes
1035 1191 1242 1256 Marshamus
1256 1192 1349 1256 initio
1361 1192 1433 1278 ipso
1452 1193 1549 1272 Chro-

507 1276 571 1340 nici
587 1276 636 1341 sui
653 1276 796 1357 Catonia,
811 1284 833 1315 “
846 1276 1000 1363 quicquid
1014 1277 1222 1362 supellectilis
1236 1277 1333 1341 hodie
1347 1292 1496 1364 superest
1509 1279 1549 1344 ed

506 1362 764 1428 “instaurandas
784 1364 1018 1451 AEgyptiorum
1041 1363 1194 1449 origines,
1213 1363 1248 1427 id
1270 1365 1336 1428 fere
1356 1378 1467 1429 totum
1488 1364 1547 1429 de-

509 1455 533 1488 “
546 1449 622 1512 bere
648 1449 832 1537 Syncello'’
887 1449 1055 1536 Syncellus
1081 1471 1207 1535 nempe,
1256 1461 1406 1535 ostquam
1433 1463 1548 1536 praeter

507 1535 663 1600 nonnulla
684 1557 726 1602 ex*
745 1536 841 1600 veteri
866 1535 1009 1621 quodam
1033 1534 1198 1599 Chronico
1221 1469 1406 1621 dirempta,
1428 1538 1546 1601 Erato-

508 1619 631 1686 sthenis
649 1621 845 1707 Catalogum
864 1620 1094 1685 Thebanorum.
1113 1643 1239 1707 regum,
1253 1634 1287 1685 et
1302 1622 1417 1685 seriem
1433 1643 1546 1708 regum
1574 1681 1576 1690 .

502 1707 660 1807 ·AEgppti,
670 1707 754 1771 unde
769 1707 854 1771 unde
868 1707 962 1771 istam
974 1706 1126 1787 hauserit,
1139 1708 1290 1797 dedisset,
1301 1719 1373 1770 tum
1385 1709 1463 1772 vero
1475 1710 1548 1796 Dy

508 1807 628 1856 nastras
648 1792 744 1857 hasce
758 1793 931 1879 AEgyptias
953 1814 992 1855 ex
1011 1792 1158 1856 Africani
1178 1792 1373 1877 Eusebiique
1395 1794 1545 1879 operibus

505 1877 663 1942 exhibuit.
718 1881 841 1944 Verum
867 1878 1046 1942 luculenter
1073 1878 1213 1942 ostendit
1236 1878 1278 1942 cl.
1300 1878 1488 1944 Perizonius
1514 1880 1545 1944 ih

507 1963 753 2051 Investigotione
771 1964 1001 2051 AEgyptiorom
1026 1963 1202 2051 Originum,
1227 1986 1324 2050 quam
1350 1964 1417 2028 fere
1440 1966 1545 2030 omnia

503 2047 541 2113 ¹in
565 2049 616 2114 his
634 2050 790 2136 catalogis
813 2064 983 2114 occurrant
1005 2051 1145 2128 turbata,
1168 2050 1312 2129 confusa,
1335 2055 1545 2138 corrupta-,et

506 2136 683 2221 saepissime
698 2159 717 2200 a
732 2158 766 2200 se
780 2135 857 2235 ipsis
872 2147 905 2199 et
924 2148 1039 2199 mutuo
1055 2136 1277 2221 discrepantia,
1291 2157 1366 2199 cum
1384 2135 1417 2199 in
1431 2157 1544 2223 regum

507 2222 693 2286 nominibus
713 2235 746 2286 et
768 2244 848 2286 serre
863 2235 897 2286 et
910 2222 1010 2301 annio,
1026 2236 1097 2287 tum
1112 2222 1145 2284 in
1161 2243 1316 2285 annorum
1332 2220 1543 2288 collectorum

506 2308 662 2384 summis3
686 2308 783 2394 idque
803 2329 860 2393 per
879 2330 1032 2393 magnam
1055 2308 1161 2393 operis
1181 2308 1231 2371 sui
1250 2321 1375 2393 partem
1395 2315 1543 2393 persecu*

505 2405 571 2473 tus,
586 2394 787 2481 potissimum
805 2394 837 2456 in
852 2415 890 2457 ca
913 2393 957 2457 ite
970 2406 1086 2479 quarto
1100 2415 1169 2456 rem
1183 2395 1227 2456 ob
1242 2391 1353 2457 oculos
1371 2392 1543 2459 lectoribus

506 2479 591 2544 clare
612 2480 792 2566 proposuit.
837 2480 878 2542 Se
925 2480 966 2543 de
989 2480 1040 2544 his
1062 2480 1157 2543 rebus
1179 2478 1282 2542 multa
1302 2477 1429 2542 erudite
1451 2493 1543 2566 atque

433 2609 436 2616 -
505 2565 665 2631 subtiliter
691 2569 788 2629 causa
815 2564 1026 2629 eruendar’um
1055 2565 1285 2651 AEgyptiarum
1314 2564 1542 2664 antiquitatum

504 2652 555 2715 vel
569 2651 666 2715 hodie
682 2650 836 2736 disputari
851 2650 964 2714 solent.
997 2650 1084 2714 Mihi
1099 2672 1172 2714 vero
1186 2649 1220 2713 id
1234 2649 1373 2713 maxime
1388 2672 1420 2714 111
1437 2651 1542 2720 animo

505 2737 569 2801 fuit
582 2751 620 2800 ut
636 2737 844 2801 Manethonis
864 2738 1053 2823 Dynastias,
1068 2737 1177 2821 quales
1192 2736 1233 2798 ab
1248 2734 1404 2799 Africano
1419 2736 1498 2800 olim
1512 2737 1543 2800 in

507 2821 674 2887 Chronico
704 2845 763 2886 suo
789 2820 940 2886 exhibita
967 2823 1112 2901 fuissent,
1141 2820 1263 2886 caeteris
1294 2820 1453 2908 ejusdem'
1472 2819 1542 2889 libri

504 2908 694 2994 fragmentis
709 2908 891 2994 adjicerem.
930 2908 1079 2993 Cumque
1093 2907 1238 2994 ejusdem
1254 2907 1318 2970 sint
1333 2907 1541 2972 Manethonis

445 3044 449 3051 .
505 2994 674 3081 Dynastiae
694 2993 757 3057 illae
781 2994 820 3056 ab
842 2995 982 3057 Eusebio
1004 2994 1160 3072 collectae,
1176 3016 1228 3057 eas
1244 3015 1317 3057 cum
1333 2992 1384 3056 his
1398 2994 1542 3059 Africani

505 3080 712 3145 conferendas
728 3084 796 3142 ess'e
812 3074 982 3158 censui,'ut
997 3081 1155 3143 exalteris
1171 3080 1290 3157 alterae,
1303 3077 1331 3141 si
1345 3079 1413 3142 fieri
1424 3091 1541 3165 potest,

505 3165 715 3245 emendentur
737 3188 775 3229 ac
798 3165 1012 3250 corrigantur,
1027 3167 1145 3252 quippe
1164 3188 1237 3252 quae
1258 3165 1346 3250 apud
1361 3165 1541 3251 Georgium

504 3253 594 3318 illum
618 3251 803 3340 Syncellum
826 3251 936 3316 alterae
960 3252 1068 3317 alteris
1089 3251 1276 3329 succedunt,
1291 3264 1357 3314 eta
1378 3251 1541 3337 Scaligero

480 3370 483 3377 ·
504 3341 651 3426 utraeque
666 3361 705 3402 ex
720 3338 923 3426 Syncelliano
938 3360 1045 3424 opere,
1061 3353 1230 3423 antequam
1248 3335 1280 3399 id
1295 3335 1418 3423 typisa
1432 3338 1541 3401 Goaro

504 3426 693 3489 mandatum
721 3438 816 3502 esset,
840 3424 872 3486 in
897 3424 1050 3487 Thesauro
1074 3446 1133 3487 suo
1159 3425 1342 3505 Temporum
1365 3421 1540 3487 Eusebium

504 3512 569 3575 n'on
585 3512 650 3575 un'o
665 3523 791 3575 tantum
807 3509 880 3573 loco
900 3510 1068 3573 collocatae
1090 3523 1175 3573 sunt.
1212 3509 1328 3571 MStos
1351 3508 1540 3573 Parisienses

505 3597 653 3684 Syncelli
669 3612 773 3673 tace0‚
797 3595 974 3679 dequibus
997 3618 1092 3680 supra
1115 3597 1146 3658 in
1169 3595 1253 3657 notis
1275 3593 1329 3679 egi
1351 3593 1390 3657 ad
1413 3594 1540 3675 initium¹

504 3683 600 3769 hujus
617 3682 771 3745 Chronici
785 3702 817 3765 p.
831 3695 900 3754 237.
945 3683 1044 3743 Porro
1063 3704 1166 3767 oeque
1186 3680 1317 3743 Eusebii
1338 3679 1541 3745 Chronica'a

505 3770 538 3832 S.
560 3770 764 3853 Hieronymo
789 3767 900 3829 Latine
924 3788 1013 3830 versa
1032 3768 1167 3852 neglexi,
1188 3765 1356 3852 inquibus
1377 3766 1539 3831 nonnullae

504 3856 633 3942 quidem
661 3854 774 3917 harum
801 3851 1034 3938 Dynastiarum
1062 3854 1131 3916 sitae
1162 3864 1247 3929 sunt,
1274 3873 1332 3913 nec
1360 3851 1541 3936 fragmenta

502 3940 676 4024 posthabui
696 3938 915 4016 Manethonis,
931 3961 1004 4022 quae
1020 3940 1150 4002 servavit
1165 3937 1327 4022 Josephus
1350 3936 1382 3999 in
1402 3936 1460 4001 lib.
1475 3937 1539 4023 pri·

503 4047 558 4088 mo
582 4026 695 4110 Operis
719 4025 767 4089 sui
785 4025 900 4087 Contra
915 4023 1068 4108 Apioaem
1088 4024 1128 4087 de
1149 4025 1243 4086 rebus
1264 4023 1434 4108 Dynastiae
1451 4023 1539 4087 deci·

502 4132 564 4173 mac
590 4126 709 4174 octavae
733 4111 871 4194 agentia,
896 4113 1036 4195 cumque
1064 4109 1208 4173 Africani
1234 4108 1417 4172 nominibus
1441 4123 1539 4196 atque

502 4195 592 4258 annis
612 4196 810 4280 singulorum
834 4216 947 4279 regum
972 4195 1049 4258 satis
1076 4197 1158 4258 hene
1182 4193 1411 4258 convenientia.
1455 4194 1539 4281 Quae

501 4280 630 4367 quidem
654 4281 784 4343 nomina
804 4283 900 4366 ¹atque
923 4303 1022 4343 annos
1044 4282 1128 4344 sistit
1146 4302 1185 4343 ex
1198 4278 1341 4364 Josepho
1364 4279 1538 4344 lectoribus

501 4367 567 4431 suis
586 4368 619 4430 S.
634 4366 845 4452 Theophylus
859 4365 1082 4430 Antiochenus
1097 4368 1129 4430 in
1145 4366 1200 4429 lib.
1215 4365 1258 4428 iii.
1276 4365 1318 4427 od
1333 4364 1537 4453 Arrtolyorrm,

479 4487 482 4494 »
501 4451 557 4516 sed
576 4451 729 4516 mendose
751 4451 927 4515 admodum
946 4475 1030 4515 nunc
1046 4453 1221 4516 existentia.
1267 4450 1410 4515 Caeteras
1428 4464 1537 4516 autem

499 4560 615 4625 regum
636 4537 730 4602 series¹
752 4537 969 4622 Syncellianas
994 4539 1086 4602 variae
1107 4536 1254 4602 lectionis
1276 4537 1426 4601 eruendae
1443 4539 1537 4601 causi

498 4626 643 4688 conferre
665 4645 738 4688 curn
764 4623 931 4709 Dynastiis
957 4623 1027 4690 istis
1052 4624 1157 4703 omisi,
1185 4637 1297 4710 utpote
1323 4646 1397 4710 quae
1420 4625 1534 4689 Mane·
1559 4672 1588 4687 κ

499 4709 592 4776 thoni
607 4708 694 4775 haud
709 4709 878 4774 debentur.
