4092 5675
529 581 583 648 m
599 579 634 645 s.
649 576 860 645 oronrsn
876 576 1137 651 mcmrnnn
1152 581 1324 651 runem.
1376 597 1445 672 425·

412 749 473 818 uisi
487 749 613 816 siforte
626 750 701 815 inde
715 750 885 815 lectionem
900 751 1070 816 Junianam
1086 752 1328 820 emendaverim.
1365 753 1441 820 Cae·

411 851 517 902 terum
542 837 633 902 locus
655 836 709 900 ille
732 838 865 935 primus,
888 859 983 923 quem
1007 837 1113 903 solum
1137 838 1350 906 omittendum
1371 863 1443 909 esse

411 921 502 1002 duxi,
516 922 549 986 in
563 925 583 988 J
585 922 650 986 unii
664 921 804 985 editione
818 922 858 985 ad
875 944 949 1007 pag.
962 937 1010 986 22.
1025 945 1100 987 cum
1115 925 1211 990 titulo
1226 925 1368 990 Διονυσίου
1382 948 1443 1012 po·

411 1007 494 1074 situs
508 1008 644 1072 eundem
664 1006 794 1093 quidum
814 1007 952 1074 indicem
974 1008 1073 1073 habet
1091 1010 1125 1073 in
1144 1011 1228 1075 codd.
1240 1026 1310 1075 201.
1325 1024 1359 1076 et
1376 1025 1443 1087 178.

410 1093 469 1158 sed
485 1093 519 1158 in
533 1094 597 1157 cod.
614 1108 678 1170 195.
695 1091 842 1156 Βοισιλιίου
857 1115 975 1157 nomen
993 1094 1122 1158 additur
1140 1096 1310 1183 Dionysio.
1353 1098 1444 1184 Qua-

412 1193 544 1264 propter
563 1178 645 1242 hanc
663 1183 738 1264 ῥῆσιν
756 1178 1059 1263 praetermittendam
1075 1181 1193 1265 putavi.
1237 1182 1336 1245 Porro
1349 1181 1382 1245 in
1397 1205 1446 1245 co-

412 1261 480 1327 dice
500 1275 569 1339 751.
590 1284 654 1327 una
674 1286 748 1327 cunr
769 1263 837 1326 aliis
859 1278 986 1348 patrum
1006 1266 1173 1350 excerptis,
1193 1266 1275 1331 sicut
1293 1267 1328 1329 in
1347 1267 1445 1331 Pauli

414 1348 562 1412 Comitoli
578 1347 726 1426 Vonone,
741 1370 778 1413 ea
793 1348 911 1412 omissa
923 1364 983 1428 est,
996 1362 1093 1436 atque
1106 1352 1138 1414 in
1152 1350 1207 1415 iilo
1224 1358 1291 1428 176.
1303 1373 1379 1414 oum
1396 1353 1445 1439 ῥή-

411 1458 455 1497 σιι
470 1432 607 1519 quadam
626 1432 851 1519 Chrysostomi
867 1434 1084 1520 conjungitur,
1096 1457 1136 1499 ne
1149 1436 1298 1525 Dionysii
1314 1436 1445 1523 quidem

411 1519 545 1583 nomine
559 1519 663 1583 affixo.
707 1519 869 1585 Caeterum
907 1542 1066 1606 uunquam
1088 1521 1187 1607 longa
1206 1537 1282 1586 sunt
1302 1521 1372 1587 haec
1395 1522 1446 1586 in·

411 1616 661 1689 terpretamenta
675 1604 841 1668 verborum
853 1606 874 1669 J
876 1627 896 1668 o
919 1605 941 1683 i,
956 1605 1043 1671 haud
1057 1620 1184 1671 constat
1197 1621 1304 1673 tamen
1318 1606 1446 1693 justum

411 1688 516 1754 ullum
537 1689 805 1753 commentarium
824 1690 857 1753 in
874 1690 995 1755 Jobum
1015 1714 1036 1755 a
1057 1692 1090 1757 S.
1102 1692 1264 1781 Dionysio
1284 1693 1446 1781 conscrip-

411 1785 485 1839 tum
498 1774 607 1855 fuisse,
621 1774 662 1839 de
677 1797 742 1862 quo
757 1775 830 1841 silet
844 1775 1026 1863 antiquitas.

916 2118 943 2185 I.

458 2290 494 2353 P.
509 2304 579 2369 395.
600 2288 623 2353 1.
640 2294 672 2355 6.
703 2290 743 2353 Τὸ
768 2290 795 2352 δὲ
820 2288 895 2372 dre]
921 2290 997 2353 Hoc
1021 2288 1239 2374 fragmentum
1263 2289 1296 2354 in
1321 2291 1447 2377 capii.

413 2395 492 2461 pag.-
506 2381 558 2454 96.
575 2375 622 2439 ed.
636 2375 726 2438 Junii
740 2387 836 2452 extat,
858 2374 904 2437 ibi
925 2395 1010 2452 vero,
1024 2374 1109 2439 sicut
1121 2376 1154 2440 in
1171 2374 1313 2440 Comitoli
1329 2377 1448 2442 Verrio·

413 2482 453 2524 ne
472 2459 685 2545 codicibusque
706 2459 797 2523 Bodi.
817 2474 886 2522 201.
907 2472 940 2523 et
963 2473 1030 2534 178.
1049 2459 1137 2525 haud
1156 2460 1270 2547 incipit
1287 2476 1362 2527 ente
1381 2461 1449 2541 illa,

413 2544 530 2630 ἢγιίησσ
552 2548 610 2630 γὰρ
630 2552 679 2608 σοῦ
698 2544 780 2625 ὄφιος
797 2544 838 2608 ad
853 2544 909 2608 lin.
926 2558 973 2608 10.
990 2543 1067 2609 dum
1082 2546 1189 2632 priora
1202 2546 1272 2611 haec
1284 2547 1380 2613 verba
1392 2569 1449 2612 ex·

413 2643 528 2716 cerpto
549 2630 595 2695 1111
618 2629 846 2717 Chrysostomi
867 2629 1039 2694 adduntur.
1083 2631 1146 2695 Sed
1164 2632 1197 2695 in
1218 2632 1283 2695 cod.
1308 2648 1376 2712 195.
1399 2653 1449 2697 res

413 2731 502 2780 recte
528 2737 562 2780 se
588 2714 697 2779 habet.
741 2717 779 2779 In
800 2716 863 2779 hoc
887 2738 1016 2802 quoque
1037 2717 1149 2781 codice
1171 2717 1284 2783 titulus
1305 2716 1449 2783 Διονυσίου

411 2801 578 2888 Ἀλνξοιιδς.
594 2801 741 2886 praefixus
756 2814 815 2880 est,
829 2800 885 2866 sed
899 2801 1042 2866 Διονυσίου
1057 2816 1181 2868 tautum
1196 2802 1324 2869 inedito
1340 2802 1451 2869 codici·

415 2885 535 2974 irasque
551 2901 619 2950 201.
636 2903 669 2952 et
685 2901 753 2966 178,
767 2901 870 2952 totum
886 2889 971 2950 enim
985 2888 1217 2969 οἰσοσσυισμοίσιον
1232 2891 1387 2955 omissum
1400 2902 1451 2955 est

413 2994 482 3039 una
498 2993 573 3037 cum
595 2972 664 3036 aliis
678 2971 776 3070 juxta
790 2971 901 3056 positis
917 2972 950 3036 in
965 2973 1072 3036 alteris
1088 2972 1216 3038 duobus
1230 2975 1316 3039 codd.
1334 2981 1402 3052 176.
1417 2986 1451 3040 et

414 3068 486 3133 751.
531 3059 569 3121 111
591 3057 747 3121 Comitoli
766 3071 874 3122 autem
893 3057 1034 3122 Versione
1047 3069 1135 3120 extat
1154 3057 1241 3122 istud
1254 3058 1402 3145 Dionysii
1419 3071 1452 3123 et

413 3141 603 3220 Alexandri,
617 3165 689 3228 quae
705 3141 834 3228 quidem
847 3142 1004 3228 particula
1014 3163 1054 3206 co
1077 3140 1194 3207 ulativa
1208 3144 1268 3228 ipsi
1281 3144 1450 3208 Comitolo

413 3228 552 3294 suasisse
570 3227 706 3306 videtur,
720 3241 758 3292 ut
774 3227 855 3292 inter
874 3241 1022 3292 auctores
1072 3241 1175 3292 atenae
1192 3228 1388 3316 Dionysium
1401 3230 1451 3295 A·

413 3334 472 3381 reo
538 3313 614 3376 itam
630 3334 689 3397 pro
703 3312 920 3377 Alexandrino
935 3334 1099 3398 perperam
1116 3329 1304 3380 recenseret.

459 3398 474 3461 1
500 3334 545 3462 id.
568 3402 604 3471 εἰς
618 3401 665 3473 τὴν
679 3397 756 3462 Εὔαν
774 3396 917 3480 ἐξίλαὲον]
934 3398 1088 3462 Similiter
1099 3399 1226 3464 Auctor
1242 3401 1340 3465 Setm.
1354 3399 1400 3464 iii.
1416 3400 1450 3463 111

412 3481 527 3549 Jobum
540 3482 626 3568 apud
642 3483 675 3547 S.
692 3483 897 3568 Chrysostomi
913 3483 971 3568 Op.
985 3495 1067 3548 tom.
1080 3509 1108 3548 v.
1121 3507 1156 3593 p.
1170 3492 1240 3563 962.
1254 3484 1306 3550 ed.
1323 3484 1449 3552 Savilii:

413 3570 449 3643 ὥς
463 3566 520 3648 μία
532 3575 586 3630 τῶν
598 3566 729 3651 ἀφρόνων.
747 3570 782 3643 ὡς
798 3568 823 3631 εί
834 3594 875 3643 τις
889 3567 996 3648 ἔλεγεν,
1011 3571 1047 3644 nis
1061 3576 1076 3646 ἡ
1091 3576 1155 3633 Ευοι
1168 3572 1321 3648 indoneus.

458 3651 542 3716 111111.
559 3651 581 3715 1.
595 3666 625 3718 8.
648 3652 792 3735 &Eup-ima
815 3659 863 3730 τῆς
888 3653 1028 3739 ἁμαρτίας
1051 3657 1083 3717 τδ
1105 3655 1201 3739 βέλος]
1225 3657 1273 3719 Ex
1296 3655 1360 3719 cod.
1381 3669 1448 3733 195.

412 3736 478 3811 hoc
492 3738 524 3800 τὸ
538 3737 621 3817 βίλος
635 3760 694 3824 pro
708 3738 809 3803 altera
819 3739 958 3803 lectione
970 3743 1002 3802 τὸ
1016 3738 1090 3822 νέφος
1105 3741 1243 3825 reposui.
1276 3741 1328 3805 Ita
1341 3740 1450 3828 Chry·

412 3835 578 3888 sootomus
594 3823 633 3886 ad
647 3845 722 3909 pag.
737 3838 802 3888 100.
818 3823 915 3908 hujus
930 3824 1061 3888 Catenae
1076 3825 1205 3908 aJunio¹
1219 3824 1326 3904 edite,
1338 3827 1377 3889 '0
1390 3830 1451 3913 γὰρ

411 3907 550 3992 μακάριος
564 3907 639 3982 οὗτος
653 3909 839 3993 ωαντοίχοδεν
854 3908 1026 3991 βαλλόμενος
1040 3908 1229 3998 ἂσφαλίςεςὸν
1242 3910 1333 3983 isare·
1355 3911 1377 3999 11
1391 3937 1450 3994 μυ·

411 3993 461 4080 pta
478 3998 593 4057 ΒΕΛΗ
611 3994 877 4058 ΔΕΧΟΜΕΝΟΣ
899 3998 946 4060 οὐκ
960 3994 1081 4059 ἐνεδίδου.
1112 3995 1201 4077 Νέφυς
1237 3995 1344 4062 uidem
1359 4000 1450 4079 βελῶν

412 4076 501 4226 apud
517 4093 664 4144 auctores
679 4079 808 4143 obvium
827 4093 876 4143 est
885 4103 895 4157 3
919 4078 1080 4165 habetque
1093 4081 1180 4146 idem
1195 4019 1449 4171 Ciirysostomus

411 4163 435 4226 11
462 4163 523 4227 .vi.
539 4165 591 4227 De
614 4163 798 4242 Sacerdotio‚
819 4172 873 4228 τῶν
893 4167 983 4244 βελῶν
1004 4171 1055 4241 τοὶς
1075 4168 1196 4246 νιφάδος.
1217 4188 1294 4315 pap.
1308 4181 1377 4231 208.
1395 4165 1448 4230 ed.

413 4247 567 4353 Hughes3
612 4250 695 4357 Mpx
717 4247 785 4335 ipse
807 4272 936 4337 quoque
950 4252 984 4314 S.
997 4251 1186 4340 DionysiuS,
1200 4279 1299 4340 μορυς
1313 4249 1449 4334 ὑπομένον

411 4337 717 4482 9111111111
730 4418 773 4503 ἢν]
797 4421 922 4489 Vocem
944 4419 1122 4488 addendam
1145 4444 1214 4488 esse
1234 4395 1334 4509 θνρίοιν
1354 4419 1450 4491 verba

410 4515 580 4593 sequentia
594 4525 670 4570 mox
685 4504 854 4573 ostendent
