4092 5675
608 785 672 863 sc
864 765 867 772 ·
946 769 1326 846 innomi-rosas·
1407 771 1409 776 ·

610 945 669 1013 bet
681 941 758 1012 MS.
777 943 907 1013 Wndol.
922 944 1114 1036 Eclcgarum
1128 945 1274 1035 Propter.
1289 945 1319 1023 a
1333 953 1387 1021 icis
1399 950 1422 1012 ὦ
1436 949 1507 1032 (sic)
1520 947 1650 1038 πρόχνυ

613 1058 658 1121 ρον
671 1036 762 1097 sireis.
777 1034 869 1120 quasi
887 1032 934 1097 ita
955 1033 1048 1100 locus
1068 1035 1226 1121 legendus
1240 1035 1346 1111 fuerit,
1361 1033 1387 1109 ὅς
1402 1039 1469 1115 ἐςνν,
1485 1039 1521 1112 ὠς
1534 1061 1578 1101 ον.
1596 1043 1650 1103 ris·

615 1118 669 1184 Ad
684 1139 750 1183 rem
771 1140 846 1183 vcro
864 1118 965 1205 ipsam
986 1120 1075 1206 quod
1091 1121 1239 1208 pertinet,
1253 1121 1299 1185 ait
1313 1121 1503 1187 Macrobius
1519 1122 1649 1189 Satura.

613 1204 671 1271 lib.
686 1206 713 1268 Ι.
727 1223 800 1290 cap.
816 1216 863 1269 14.
886 1206 920 1269 0.
940 1206 1048 1271 Coescr
1068 1205 1210 1270 imitatas
1222 1205 1407 1295 AEgyptics,
1425 1206 1506 1272 solos
1525 1209 1647 1274 divina-

571 1299 574 1305 ’
613 1311 684 1353 ram
699 1311 802 1355 reram
817 1290 958 1369 conscios,
971 1292 1012 1355 ad
1025 1314 1186 1355 ννυιιιονυνυ
1200 1290 1284 1370 solis,
1296 1291 1351 1378 qai
1366 1290 1476 1357 diebru‘
1487 1305 1647 1361 ccccxv.

614 1384 646 1439 et
681 1376 834 1441 cadrante
847 1398 968 1441 mirsam
981 1376 1111 1468 soffia-it,
1126 1399 1241 1441 annam
1254 1376 1389 1465 dirigere
1400 1377 1569 1444 contendit.

659 1398 692 1525 i.
706 1474 772 1527 188.
785 1461 807 1527 l.
821 1477 868 1526 11.
889 1466 936 1540 τὴν
950 1467 1007 1547 γὰρ
1023 1468 1099 1526 κοντοὶ
1115 1462 1226 1541 σελήνην
1239 1464 1422 1545 δωδεκάμηνον
1432 1465 1645 1551 παραλλάσσει]

614 1546 720 1613 Abest
756 1552 791 1633 ἀρ
806 1571 826 1612 a
840 1546 992 1634 Syncello,
1009 1548 1184 1634 scaligero,
1201 1548 1407 1635 Cedrencque.
1450 1551 1513 1613 Pro
1527 1566 1647 1637 παρολ-

608 1632 718 1696 Mssa
733 1575 856 1698 babent
875 1634 1096 1720 παραλλάσσειν
1113 1631 1274 1720 Synceilus
1294 1646 1329 1698 et
1348 1634 1513 1714 cedrenus,
1527 1651 1648 1733 οιοιμοιλ-ι

615 1718 769 1792 λάοσονιος
783 1717 936 1804 Scaliger.
966 1718 1030 1783 Sed
1046 1720 1182 1783 retinent
1195 1723 1242 1797 τὴν
1252 1718 1381 1784 MStiS
1402 1717 1498 1784 aselli
1511 1721 1647 1786 Parisiis

614 1823 689 1867 curn
708 1804 840 1868 Cedrenc
855 1819 888 1867 et
903 1804 1079 1890 scaligero,
1095 1803 1184 1891 quod
1199 1805 1291 1868 abest
1303 1804 1344 1868 ab
1358 1743 1446 1869 eiito
1461 1806 1617 1892 syncello.
1631 1888 1633 1893 Ι

659 1888 742 1952 ibid.
758 1889 780 1953 l.
799 1903 844 1951 12.
868 1890 914 1951 καδ
930 1887 1066 1967 Ἕλληνες
1089 1892 1137 1953 κοιδ
1157 1892 1293 1974 Ἰουδαῖον]
1319 1891 1370 1954 Ita
1388 1888 1585 1957 addiderunt
1603 1893 1646 1957 xci

604 1984 689 2037 ante
701 1972 839 2051 Ἕλλήνες
854 1973 982 2038 Eusebii
997 1975 1074 2040 MS.
1095 1976 1127 2038 V
1125 1974 1226 2039 indat.
1243 1974 1416 2061 Syncellas,
1430 1976 1646 2065 Scaligerque,

613 2060 671 2124 sed
686 2059 794 2124 omisit
807 2060 894 2125 istud
909 2062 956 2123 καὶ
971 2058 1108 2139 Ἕλληνές
1129 2061 1291 2125 Cedrearas.
1328 2062 1381 2125 De
1400 2062 1521 2126 celebri
1543 2076 1645 2128 autem

603 2145 712 2210 urium
735 2146 894 2210 mensium
918 2145 951 2210 in
974 2145 1168 2211 octaeteride
1191 2145 1428 2211 intercalatione
1447 2168 1541 2213 cons.
1565 2151 1645 2213 Isaa-

605 2253 691 2296 ·cum
709 2233 908 2297 Newtonum
923 2233 974 2296 De
991 2230 1133 2297 Circaei.
1152 2232 1216 2295 Vet.
1232 2253 1263 2316 p.
1276 2244 1327 2307 75.
1342 2245 1376 2295 et
1447 2254 1479 2318 q.
1520 2234 1575 2298 De
1589 2233 1646 2298 hoc

612 2316 685 2467 ipso
709 2339 839 2405 quoque
859 2317 1004 2382 Africani
1029 2318 1104 2382 loco
1128 2318 1198 2403 agit
1222 2316 1401 2382 Bucherius
1459 2319 1645 2384 eDoctricc

505 2449 516 2462 .
617 2441 622 2448 =
642 2418 721 2489 einp.
736 2402 778 2467 ad
791 2425 825 2489 p.
839 2418 889 2467 25.
903 2402 988 2490 apud
1003 2402 1218 2467 Fabricianum
1233 2399 1353 2488 Hippot
1376 2403 1402 2467 a·
1416 2403 1494 2468 adit.

657 2488 741 2555 ibid.
756 2488 779 2553 l.
794 2500 841 2552 14.
866 2484 911 2568 soi
932 2486 1077 2575 τέταρτον]
1097 2491 1146 2553 Ita
1160 2486 1283 2553 addunt
1297 2490 1319 2575 ri,
1367 2488 1464 2554 utebii
1476 2490 1556 2557 MS.
1571 2491 1604 2555 V
1601 2490 1644 2555 in·

613 2575 679 2659 dcl.
698 2572 858 2662 Syncellas
873 2573 1092 2661 Scaligerque.
1131 2576 1215 2639 Mox
1229 2573 1349 2639 habent
1362 2574 1397 2639 hi
1412 2573 1480 2640 duo
1493 2576 1645 2664 posteris

612 2684 662 2728 res
677 2659 817 2739 iusserim
831 2680 890 2745 pro
905 2658 1101 2747 ὀκταειηςΐδες.

655 2744 741 2809 lbid.
758 2744 843 2809 l.16.
865 2750 955 2828 μῆνενς
971 2746 1058 2832 τρεῖς]
1070 2746 1174 2810 Vetus
1188 2765 1286 2824 error,
1306 2765 1365 2831 pro
1385 2743 1431 2823 ita
1451 2744 1531 2834 splot,
1546 2746 1644 2811 omni·

607 2831 673 2896 -bus
688 2829 850 2910 advectus,
865 2852 962 2916 quern
979 2845 1087 2894 tamen
1109 2830 1143 2895 in
1162 2831 1422 2981 interpretatione
1437 2853 1499 2897 sua
1513 2834 1644 2898 Dmon·

491 2956 497 2967 ι
613 2914 772 2980 strationis
794 2917 920 3001 Ecaag.
943 2928 1132 2997 correxerat,
1148 2918 1233 3003 quii
1256 2939 1309 2982 em
1331 2939 1412 3003 opus
1436 2932 1513 2983 ante
1534 2920 1645 2984 Greci

613 3000 701 3065 edita
713 3000 817 3079 vertit,
829 3001 980 3064 Donatus
994 3003 1199 3066 Veronensis.

610 3091 612 3096 ’
657 3085 741 3169 lbid.
757 3087 779 3151 l.
797 3099 843 3162 17.
864 3087 991 3175 τριμήνου
1006 3087 1046 3173 δὲ]
1065 3088 1177 3173 Vulgo
1195 3090 1230 3162 οδς
1247 3089 1372 3176 τμμῆνου
1390 3089 1430 3167 δὲ,
1444 3088 1515 3169 sed,
1530 3110 1646 3190 expun-

612 3186 710 3260 gente
731 3174 758 3235 δὲ
781 3171 957 3258 scaligero,
978 3171 1169 3258 particulam
1190 3175 1226 3248 ὡς
1247 3174 1395 3239 omittere
1415 3174 1499 3240 mihi
1520 3177 1644 3262 quidem

606 3280 664 3324 ¹ma
691 3258 717 3323 is
731 3259 834 3323 visum
848 3271 908 3324 est.

657 3280 740 3408 lirid.
761 3343 917 3430 [γινομένης]
939 3346 1012 3409 For.
1032 3343 1205 3431 legendum
1227 3343 1379 3431 γινομένου,
1402 3358 1436 3411 et
1457 3348 1590 3410 Goarus
1611 3344 1645 3410 ad

608 3451 701 3513 ,oram
718 3430 855 3516 Syncelli
867 3431 1088 3517 σμοογινομένου
1105 3431 1223 3516 posuit.
1268 3430 1430 3498 Mendose
1441 3430 1568 3530 piscaria
1583 3432 1645 3496 Ευ·

613 3515 688 3580 sebii
703 3515 780 3580 MS.
799 3516 831 3578 V
828 3514 929 3580 indoli.
966 3517 1082 3581 Statim
1098 3529 1173 3602 post
1187 3515 1356 3602 Syncellus
1370 3517 1584 3604 Scalrgerque
1597 3538 1645 3582 ex·

609 3602 726 3665 hibent
743 3600 790 3679 ἔτη
811 3600 962 3712 acciperat
977 3599 1019 3664 ιε’.
1034 3623 1094 3687 pro
1115 3601 1159 3679 ἔτη
1182 3601 1222 3664 ιε’.
1241 3601 1343 3686 ὀλίγων
1362 3608 1466 3687 ἡμερῶν
1486 3602 1646 3666 ἀποδεόντων

531 3693 534 3696 ’
609 3686 767 3774 yiysoawa,
783 3686 840 3750 ubi
857 3712 962 3773 γννεται
981 3686 1014 3749 in
1034 3687 1136 3750 ecdem
1150 3687 1228 3751 MS.
1247 3686 1280 3750 V
1278 3685 1377 3750 indcb.
1392 3687 1556 3753 scribitur.

616 3784 637 3811 ''
657 3767 693 3837 F.
709 3786 778 3851 189.
800 3771 823 3835 l.
839 3787 869 3835 2.
892 3778 983 3836 ταῦτα
1003 3772 1031 3835 δὲ
1051 3773 1124 3860 arpis
1138 3771 1200 3835 ocr'.
1216 3771 1302 3836 ἔτεσιν
1320 3777 1351 3835 αἱ
1370 3771 1402 3835 ο’.
1423 3771 1573 3856 ἑὸδομίιδες
1586 3797 1645 3838 συν·

613 3860 767 3944 veritaris]
790 3856 958 3945 Syncellus
979 3857 1086 3923 editus
1108 3857 1314 3945 Scaligerque
1334 3864 1427 3920 ταῦτα
1447 3883 1480 3921 τε
1502 3859 1579 3947 πρὸς
1597 3861 1647 3932 τοῖς

614 3944 675 4010 μοι’.
692 3944 780 4009 ἔτεσιν
794 3944 825 4007 ο’·’.
841 3942 995 4029 ἑὸδομιὲδες.
1038 3943 1093 4007 Ad
1107 3965 1175 4006 rem
1189 3945 1292 4042 ipsam
1304 3942 1392 4029 quod
1406 3943 1534 4023 attinet,
1551 3966 1646 4031 quan·

611 4042 712 4116 'quam
725 4029 835 4094 multis
852 4036 1011 4093 sacrarum
1024 4029 1190 4094 literarum
1205 4027 1430 4115 mterpretibus
1445 4028 1572 4114 placuit
1583 4028 1647 4094 hec

614 4115 820 4200 septuaginta
844 4113 1084 4197 hebdomadum
1112 4135 1170 4200 per
1188 4112 1297 4179 ¹annos
1322 4112 1441 4178 solares
1464 4113 1498 4178 in
1524 4115 1647 4180 lunares

609 4208 784 4264 conversos
803 4199 984 4284 explicati0,
1000 4202 1041 4266 ab
1062 4201 1131 4264 aliis
1149 4213 1257 4264 tamen
1278 4198 1390 4264 eadem
1405 4213 1455 4264 est
1469 4201 1649 4286 reprobata,

614 4283 736 4350 idcirco
757 4284 961 4370 potissimum
984 4286 1073 4372 quod
1095 4309 1168 4373 quae
1187 4300 1302 4372 gentes
1322 4284 1412 4349 annis
1432 4286 1564 4372 quidem
1581 4300 1647 4351 ute·

610 4371 733 4445 bantur
746 4368 920 4451 lunaribus,
935 4394 1036 4436 annos
1048 4386 1201 4461 praeterea
1219 4370 1422 4436 intercalares
1437 4372 1478 4434 ad
1497 4393 1534 4436 su
1560 4371 1646 4459 pleo-

601 4456 675 4538 Jdos
689 4454 846 4521 lunarium
861 4456 1007 4521 defectus
1020 4456 1160 4544 recipcre
1174 4457 1278 4522 solitae
1292 4469 1378 4522 sunt.
1415 4455 1515 4521 Unde
1529 4393 1646 4522 iictum

614 4554 673 4622 est,
685 4554 723 4606 ut
736 4540 892 4628 cujuscun
918 4564 957 4606 uc
972 4543 1091 4608 fuerint
1103 4542 1216 4607 formae
1229 4541 1400 4606 earundem
1440 4542 1567 4607 entium
1580 4540 1646 4606 anni

614 4641 759 4710 seorsum
772 4639 807 4692 et
820 4564 1007 4712 singiilatim
1028 4628 1137 4714 positi,
1150 4627 1184 4693 in
1199 4628 1342 4693 collectis
1359 4563 1492 4714 quiiem
1507 4627 1645 4727 ipsorum

613 4710 749 4801 summis
778 4733 905 4801 semper
927 4735 965 4781 ac
988 4727 1146 4802 perpetuo
1168 4715 1291 4795 solares
1316 4725 1433 4816 essent.
1480 4711 1646 4811 1111111·
