4092 5675
543 739 599 809 IN
612 737 647 808 S.
662 735 881 806 GREGORII
896 733 1103 803 NEOCAES.
1118 735 1253 832 EPIST.
1269 734 1446 805 CANON.
1469 755 1535 832 459
1577 794 1584 813 ,

496 910 744 1000 “ononifhstnnc
767 920 826 991 est,
849 909 998 995 primam,
1020 930 1068 974 ea·
1086 908 1231 974 maenis
1254 918 1379 974 tenore:
1407 920 1538 977 nonest

497 1001 526 1041 *θ
541 999 623 1063 enim
648 1018 756 1077 canon,
777 996 830 1062 sed
854 993 1098 1071 commutarim,
1120 994 1212 1059 verba
1236 993 1345 1092 quibas
1370 994 1538 1084 Gregorius

500 1085 529 1126 2‘
543 1105 617 1148 usas
638 1093 706 1148 erat
726 1080 894 1168 suplicans.
937 1080 1000 1145 His
1020 1079 1101 1145 enirn
1119 1079 1302 1145 stationibus
1315 1090 1346 1144 et
1360 1102 1466 1145 aarum
1479 1103 1538 1146 no-

502 1167 676 1233 “minibus
701 1188 773 1233 usas
793 1176 861 1233 erat
882 1175 918 1231 nt
939 1163 1077 1265 uolgatis
1090 1175 1120 1230 et
1135 1164 1174 1230 ab
1189 1164 1327 1230 omnibns
1343 1164 1487 1253 cognitis,
1502 1176 1541 1231 nt

503 1259 529 1296 “
542 1264 575 1319 et
585 1262 710 1318 sanctus
720 1251 871 1331 Basilius,
884 1250 1054 1317 Concilium
1068 1249 1246 1331 Molonem,
1256 1252 1472 1337 Ancyronnrn,
1482 1262 1542 1317 cet.

505 1344 530 1379 “
543 1361 600 1404 nec
614 1339 647 1403 in
661 1339 794 1425 ipsontnr
808 1348 941 1403 mentem
954 1337 1050 1418 uenit,
1064 1348 1254 1436 utpoteyreno
1278 1336 1415 1402 omnibns
1434 1337 1543 1425 cogni·
1586 1417 1592 1427 ‘

504 1430 530 1465 “
546 1436 623 1504 tam,
637 1446 690 1489 eas
704 1423 912 1509 interpretari.
957 1421 1080 1489 Deinde
1094 1437 1158 1509 epse
1172 1445 1204 1488 se
1220 1422 1337 1508 prodit,
1353 1444 1449 1509 qnam
1466 1422 1543 1489 scri-

505 1513 531 1549 '“
547 1508 616 1575 bit.-
640 1508 784 1589 Anditio,
798 1510 913 1597 inquit,
927 1521 983 1574 cet.
1005 1531 1101 1597 qnam
1121 1509 1202 1574 enirn
1224 1508 1292 1572 baec
1311 1518 1418 1573 auctor
1430 1507 1544 1573 scribe·

504 1602 530 1635 '“
548 1593 612 1674 bat,
631 1592 761 1660 babebat
782 1593 815 1659 in
836 1606 937 1660 mente
957 1594 1058 1661 sancti
1078 1594 1194 1659 Basilii
1215 1615 1369 1674 canonem,
1383 1589 1464 1660 ande
1484 1587 1544 1659 illa

505 1676 763 1765 “interpretatio
787 1680 949 1765 desumpta
973 1691 1029 1745 est.
1078 1680 1140 1744 Est
1164 1680 1198 1744 in
1223 1678 1402 1744 bibliotheca
1426 1678 1545 1744 illustr.

506 1772 532 1806 “
548 1757 691 1832 Francia
727 1763 913 1831 Cancellarii
943 1766 1114 1852 (Seguerii)
1148 1765 1366 1852 antiquissima
1395 1770 1546 1830 cortonam

507 1857 532 1891 “
552 1851 732 1917 Groeoomm
755 1850 889 1917 collectio
911 1874 931 1916 α
956 1850 1105 1939 Gregorio
1122 1849 1307 1936 patriarcba
1324 1851 1389 1916 GP.
1410 1861 1483 1915 ante
1497 1872 1547 1914 oc·

507 1941 533 1976 “
549 1936 704 2024 tingentas
726 1959 822 2002 annos
844 1935 1012 2014 elaborato,
1027 1958 1101 2023 qnae
1120 1947 1232 2001 ceteros
1250 1936 1478 2033 Tbanmatnrgi
1493 1958 1546 2000 ca·

507 2028 642 2087 “nones
658 2033 777 2108 proeter
797 2023 891 2086 istam
911 2021 1150 2107 complectitur:
1174 2044 1211 2085 ar
1254 2033 1392 2086 mentum
1413 2022 1547 2103 evadens,

507 2112 533 2147 “
551 2107 803 2172 commentarium
828 2106 920 2171 illam
940 2118 1011 2193 post
1039 2117 1157 2193 tempas
1181 2129 1200 2169 a
1223 2117 1364 2171 notatum
1389 2106 1547 2171 Tbaarna-

509 2198 535 2278 ‘.‘
551 2191 639 2280 tnrgi
658 2191 817 2278 Epistola
854 2192 933 2256 nisse
953 2202 1104 2257 osmtnrn.
1125 2193 1177 2257 De
1189 2190 1306 2257 Poenit.
1321 2192 1377 2256 lib.
1389 2192 1430 2255 vi.
1443 2213 1514 2278 cap.
1524 2193 1548 2257 i.

509 2284 536 2319 “
554 2280 585 2362 ξ.
598 2295 630 2355 9.
659 2276 826 2344 Hactenus
839 2277 884 2343 V.
897 2276 938 2341 C.
974 2278 1098 2342 Contra
1120 2300 1194 2341 vero
1217 2276 1344 2341 Natalis
1367 2276 1550 2343 Alexander

509 2361 697 2450 “ejusdem
716 2363 849 2429 canonis
868 2363 1032 2428 undecimi
1045 2363 1257 2428 sinceritatem
1274 2362 1388 2427 acriter
1401 2382 1548 2450 propug-

509 2455 536 2488 “
552 2460 618 2512 nat.
640 2448 775 2516 Dissert.
788 2449 871 2513 xviii.
887 2450 968 2514 Saec.
983 2463 1012 2513 3.
1028 2448 1167 2534 primum
1182 2470 1222 2511 ex
1237 2447 1298 2511 fide
1312 2447 1550 2533 antiquissimo-

510 2540 537 2574 “
551 2556 623 2598 rum
647 2534 748 2598 MSS.
774 2555 847 2620 quae
871 2554 968 2620 penes
989 2556 1024 2599 se
1045 2534 1158 2599 habuit
1178 2533 1351 2598 Balsamon
1371 2534 1551 2619 patriarcba

511 2625 538 2661 “
551 2618 786 2697 Antiochense,
797 2620 853 2706 qui
867 2641 939 2683 eam
955 2620 1107 2705 Gregorii
1120 2618 1298 2706 Epistolam
1312 2621 1551 2685 commentariis

512 2710 538 2744 “
552 2704 619 2769 suis
643 2704 831 2769 illustravit:
863 2704 979 2769 deinde
1005 2705 1168 2791 exipsius
1194 2704 1347 2791 Epistolae
1371 2705 1551 2770 canonibus

511 2796 735 2857 “v11.v·111.
754 2803 787 2854 et
803 2810 857 2854 ιι.
875 2791 930 2876 qui
953 2789 1085 2854 eosdem
1108 2789 1305 2877 poenitentiae
1326 2789 1448 2876 gradus
1468 2813 1550 2857 enu-

513 2882 539 2916 “
554 2888 689 2954 merant,
703 2897 785 2962 quos
805 2890 964 2940 memorat
986 2875 1100 2941 Canon
1123 2897 1178 2939 x1.
1200 2875 1234 2940 in
1255 2875 1391 2941 dubium
1408 2892 1574 2942 vocatus·
1645 2947 1656 2970 Ι

513 2961 638 3025 “Aliis
664 2961 944 3047 pratereautitur
966 2961 1165 3048 argumentis
1193 2960 1226 3025 in
1244 2961 1400 3026 ‘eamdem
1425 2977 1553 3028 senten·

513 3053 539 3087 “
553 3046 645 3125 tiam,
671 3067 841 3111 occurrens
864 3069 929 3110 rana
954 3047 1077 3111 Morini
1103 3045 1361 3134 objectionibus3
1387 3046 1428 3112 ad
1454 3070 1553 3135 quem

513 3130 686 3217 “proinde
700 3131 835 3195 lectores
856 3127 1083 3196 remittimus.''
1105 3154 1138 3217 p.
1155 3131 1249 3196 xxvii.
1284 3133 1360 3197 Post
1373 3133 1468 3197 allata
1482 3134 1554 3198 haec

507 3215 681 3282 -Gallandii
696 3217 894 3302 scripseram,
907 3216 1028 3280 nescire
1043 3237 1107 3294 me,
1121 3214 1200 3315 quid
1214 3216 1412 3302 responderit
1426 3219 1554 3286 Natalis

514 3300 699 3366 Alexander
712 3301 754 3366 de
767 3302 840 3389 ῥήσει
855 3323 893 3364 ex
908 3322 1030 3365 canone
1044 3301 1154 3364 Basihi
1165 3315 1303 3386 sumpta,
1314 3301 1407 3389 cujus
1422 3305 1555 3371 canonis

515 3388 613 3453 verba
627 3385 698 3450 ltaec
713 3409 803 3470 esse3
828 3390 915 3451 Μετὰ
928 3387 955 3448 δὲ
969 3392 1049 3449 τοῦτο
1063 3386 1153 3464 ἄλλην
1167 3386 1285 3473 τριετίαν
1299 3390 1335 3461 εἰς
1348 3387 1481 3471 ἀκρόασιν
1497 3389 1553 3471 μα’-

515 3498 561 3550 mr
576 3472 800 3558 σαραδεχθήτα,
816 3473 838 3558 a}
854 3469 948 3538 tator
968 3477 1015 3548 τῆς
1033 3478 1140 3558 γραφῆς
1154 3473 1176 3558 ’it
1190 3477 1238 3548 τῆς
1251 3473 1433 3547 διδασκαλίας
1446 3471 1554 3539 iniat»-

516 3555 615 3634 mero,
630 3556 678 3620 nal
698 3560 736 3639 μὴ
757 3557 942 3635 καταξιέσθω
955 3563 1129 3656 προσευχῆς.
1173 3559 1271 3621 Nunc
1285 3578 1360 3620 vero
1374 3559 1471 3622 verba
1484 3561 1494 3622 i
1519 3583 1555 3626 sa

516 3641 694 3706 Alexandri
708 3641 824 3707 referre
837 3642 916 3706 mibi
930 3642 1016 3718 licet,
1032 3664 1088 3728 qur
1102 3642 1143 3707 ad
1159 3664 1189 3728 p.
1207 3656 1273 3707 143.
1288 3642 1359 3706 haec
1375 3642 1420 3707 ait
1428 3667 1439 3722 3
1455 3651 1477 3683 “
1490 3583 1554 3710 lle-

516 3732 540 3765 “
555 3727 712 3826 sponde0,
735 3726 818 3791 hanc
844 3749 967 3805 vocem,
992 3727 1107 3813 inquit,
1129 3750 1203 3815 quae
1226 3750 1355 3792 sensum
1377 3731 1555 3814 perturbat,

517 3816 541 3851 ‘⁴
555 3811 654 3875 videri
668 3813 868 3897 irreptitiam,
881 3813 1025 3898 adeoque
1037 3812 1294 3900 expungendam.
1316 3814 1379 3879 Vel
1390 3814 1472 3878 forte
1485 3839 1556 3881 ver—

517 3900 540 3936 “
555 3897 635 3962 bum
660 3897 725 3977 prol
749 3897 1027 3984 typographorum
1056 3899 1224 3963 oscitantia
1250 3899 1461 3964 substitutum
1485 3924 1555 3968 esse

518 3987 617 4066 “pro
636 3983 715 4062 arni,
730 3996 768 4046 ut
785 3982 827 4045 sit
846 4003 968 4061 sensus,
985 3981 1064 4046 Dico
1085 3983 1167 4046 enirn
1178 3983 1317 4047 Audiens
1332 3979 1510 4070 Scripturas
1523 3999 1555 4055 et

518 4071 541 4106 “
556 4066 728 4130 doctrinam
749 4066 894 4150 ejiciatur
918 4068 999 4130 &c.''
1040 4069 1093 4132 De
1117 4068 1178 4131 hac
1202 4070 1409 4153 responsione
1429 4071 1557 4158 judicet

517 4148 632 4216 lector.
664 4153 789 4228 Fateor,
800 4174 965 4230 canonem,
979 4152 1020 4217 de
1033 4174 1099 4238 quo
1110 4153 1229 4239 agitur,
1241 4176 1260 4217 a
1274 4153 1459 4222 Balsamone
1472 4158 1555 4226 duo-

517 4236 639 4302 decimi
658 4236 767 4300 saeculi
782 4237 946 4301 canonista
959 4238 1113 4322 agnosci;
1135 4239 1193 4302 sed
1208 4239 1299 4303 silere
1314 4262 1369 4305 eos
1385 4242 1425 4307 de
1440 4245 1556 4310 eodem

518 4321 626 4408 palam
649 4334 710 4398 est,
734 4320 789 4407 qui
812 4323 1003 4386 Balsamone
1024 4325 1212 4388 vetustiores
1234 4341 1322 4405 sunt,
1344 4328 1501 4393 Zonaram
1522 4345 1557 4396 et

518 4407 657 4472 Aristini
673 4429 746 4504 quae
764 4424 894 4471 vocatur
910 4403 1072 4492 synopsin.
1108 4411 1224 4495 Neque
1241 4410 1326 4475 idem
1341 4429 1508 4498 comparet
1522 4417 1556 4480 in

520 4504 584 4558 octo
601 4490 751 4557 codicibus
764 4493 945 4556 Bodleianoe
957 4492 1159 4558 Bibliothecae
1173 4495 1307 4580 scriptis,
1320 4520 1458 4583 quorum
1474 4522 1557 4565 non·
1667 4555 1669 4558 .

521 4577 601 4642 nulli
619 4577 717 4641 etiam
740 4591 835 4641 aetate
856 4579 1093 4657 Balsamonem,
1113 4593 1149 4644 ut
1165 4579 1235 4666 jam
1257 4581 1333 4660 dixi,
1349 4584 1555 4667 praecedunt3

520 4675 592 4731 tum
611 4684 685 4732 vero
701 4663 837 4730 fortasse
860 4686 966 4751 operae
988 4665 1129 4751 pretium
1151 4666 1248 4731 fuerit
1270 4681 1392 4749 notare,
1410 4672 1556 4739 voculam
