4092 5675
616 801 683 872 ³40
953 777 1313 850 snnornnoms

664 954 700 1019 Ρ.
716 963 784 1029 187.
806 948 829 1015 l.
848 965 894 1015 11.
921 950 963 1014 'eri
986 952 1018 1015 ri
1043 948 1168 1039 Triopion
1192 952 1339 1042 Καίσαρος
1361 952 1560 1037 Ιἑιιπιαιιδιίιαιτόν
1584 956 1654 1047 ἔτος]

619 1037 754 1107 Annum
770 1035 1065 1124 quintumdecimum
1079 1059 1154 1102 cum
1167 1036 1230 1103 hoo
1247 1039 1321 1104 loco
1341 1051 1413 1105 tum
1433 1041 1517 1108 infra
1535 1044 1656 1111 Hiero-

618 1137 748 1214 ¹uymus.
792 1125 835 1187 Et
855 1123 937 1187 hene
959 1123 1090 1210 quidem
1111 1138 1302 1209 congrueret
1323 1125 1377 1190 hio
1399 1149 1554 1205 numerus
1568 1131 1655 1196 Afri·

619 1231 702 1277 eaeo
725 1208 846 1274 Christi
867 1220 1005 1273 mortem
1069 1207 1133 1276 ulo.
1146 1209 1228 1273 infra
1247 1212 1381 1296 ponenti
1401 1211 1444 1276 sd
1463 1235 1540 1278 ann.
1559 1229 1591 1279 2.
1609 1216 1654 1283 0-

617 1295 632 1365 l
691 1294 874 1383 piadisaoa.
888 1293 944 1381 qui
960 1294 1015 1381 qui
1039 1315 1092 1359 ern
1115 1315 1217 1359 annus
1238 1296 1421 1361 conveniret
1441 1318 1517 1363 cum
1542 1300 1655 1388 quinto

642 1383 750 1447 eoimo
772 1380 934 1468 Augustei
959 1380 1085 1466 imperii
1109 1380 1240 1460 Tiberii,
1266 1382 1293 1445 si
1317 1404 1427 1448 verum
1455 1382 1538 1450 illud
1568 1387 1655 1474 quod

618 1466 731 1544 docuit
746 1465 907 1531 Antonius
921 1465 1002 1552 Pagi
1018 1464 1143 1530 Critieis
1156 1465 1244 1531 Hirr.
1261 1466 1375 1532 Chron.
1387 1467 1422 1532 in
1435 1468 1573 1535 Baronii
1586 1473 1654 1537 Aa·

617 1553 718 1633 mles,
730 1553 771 1619 ad
784 1575 859 1617 ann.
871 1565 922 1617 32.
939 1563 1021 1617 tom.
1037 1553 1065 1614 I.
1087 1572 1163 1638 pag.
1176 1558 1228 1617 26.
1246 1553 1341 1618 eitius
1361 1552 1495 1619 biennio
1507 1556 1654 1708 pergmam

616 1637 844 1728 Olympiadem
860 1658 1043 1702 numerasse
1056 1637 1292 1724 chronologum
1304 1652 1462 1704 nostrum.
1589 1642 1655 1732 ipse

617 1745 748 1816 queque
770 1724 816 1788 vir
834 1721 1040 1787 doctissimus
1062 1722 1193 1788 nonita
1213 1723 1318 1789 multo
1338 1740 1414 1810 post
1432 1726 1559 1812 profert
1575 1729 1654 1795 duos

616 1812 736 1877 alteros
750 1809 852 1886 locoS,
865 1809 981 1895 quibus
996 1809 1168 1873 Africanus
1182 1808 1282 1874 modo
1296 1812 1462 1875 communi
1477 1825 1513 1876 et
1526 1813 1655 1881 ordina·

607 1898 666 1962 ¹rio
680 1895 723 1961 Ol
746 1893 890 1981 mpiadas
911 1894 1124 1959 numeravisse
1145 1892 1279 1959 videtur.
1320 1894 1376 1960 Ad
1396 1895 1574 1963 lectionem
1595 1900 1654 1967 hu·

612 1980 708 2070 jusee
717 1918 782 2044 idei
793 1977 882 2066 quod
892 1978 1019 2057 attinet,
1032 1978 1184 2065 quoniam
1196 1979 1250 2045 hro
1261 1979 1347 2067 apud
1357 1982 1550 2061 Eusebium,
1559 1997 1595 2049 et
1606 1985 1654 2052 iu·

616 2068 666 2134 fra
678 2065 765 2154 apud
780 2063 978 2154 Syncellum,
1011 2066 1045 2130 ui
1056 2080 1250 2152 postremam
1265 2077 1389 2153 partem
1404 2067 1543 2155 hujusce
1556 2071 1656 2157 iifl-5

617 2151 745 2253 adpag.
755 2150 819 2239 Op.
829 2151 880 2215 sui
889 2087 1115 2234 aas-adduxit,
1126 2150 1320 2216 ἑκκαιδέκατον
1330 2165 1515 2219 constanter
1525 2154 1655 2243 legitur,

616 2238 697 2305 nihil
710 2251 830 2302 temere
845 2236 1036 2301 mutandum
1051 2256 1179 2301 censeo.
1223 2238 1402 2303 Praesertim
1417 2238 1544 2305 sirecte
1558 2241 1655 2307 dixis·

616 2336 667 2391 set
680 2323 768 2388 idem
781 2322 835 2388 ille
851 2322 979 2408 Pagius,
992 2328 1015 2362 “
1023 2322 1044 2387 J
1045 2321 1147 2386 ulium
1160 2321 1350 2388 Africanum
1365 2324 1453 2411 apud
1466 2326 1654 2413 syncellum

615 2417 639 2452 ‘⁸
654 2431 730 2497 pag.
739 2423 809 2475 308.
824 2429 954 2495 passum
969 2406 1075 2472 dicere
1087 2407 1255 2472 Christum
1268 2408 1369 2473 modo
1379 2431 1465 2474 anno
1478 2430 1544 2477 xv.
1555 2412 1655 2477 modo

616 2502 640 2539 “
656 2493 1067 2574 xv1.Tiberii,utseilieet
1087 2493 1265 2558 seeundum
1280 2492 1494 2560 Orientalium
1509 2509 1544 2563 et
1558 2498 1654 2564 Ooei-

615 2590 637 2622 “
652 2579 829 2646 dentalium
851 2578 1007 2665 loquendi
1025 2578 1160 2643 modum
1182 2600 1302 2643 annum
1316 2581 1430 2645 mortis
1447 2580 1572 2648 Christi
1584 2603 1655 2648 ma·

616 2673 639 2708 “
651 2667 702 2751 gis
716 2664 940 2751 exprimeret.'’
960 2663 1009 2727 At
1022 2686 1096 2729 vero
1109 2662 1189 2729 nihil
1202 2664 1347 2729 Africani
1358 2665 1399 2730 de
1412 2665 1538 2732 Christi
1549 2682 1656 2735 morte

610 2752 658 2818 ‘ad
678 2751 831 2838 paginam
851 2749 939 2815 illam
961 2750 1104 2838 Synoelli
1116 2771 1137 2814 a
1150 2749 1251 2837 Pagio
1266 2749 1471 2839 designatam
1487 2752 1585 2820 nobis
1597 2776 1653 2820 oc·

613 2837 737 2923 'currit3
760 2858 818 2900 nee
831 2857 966 2921 usquam
982 2834 1060 2899 alibi
1074 2834 1160 2922 apud
1176 2834 1263 2900 hune
1279 2837 1469 2924 scriptorem
1484 2839 1593 2906 inveni
1604 2842 1652 2906 A·

615 2921 772 2988 fricanum
788 2921 834 2985 sic
847 2919 972 2984 disertis
990 2920 1094 2984 verbis
1115 2943 1135 2985 a
1152 2942 1190 2986 se
1202 2921 1386 2990 variantem.
1430 2925 1655 2992 Nihilominus

616 3006 793 3072 differentia
806 3005 995 3070 Africanum
1015 3005 1096 3070 inter
1116 3018 1214 3093 atque
1231 3007 1440 3095 interpretem
1458 3032 1556 3076 suum
1573 3013 1654 3077 Hie·

615 3097 788 3180 ronymum
803 3092 837 3155 in
850 3113 890 3156 eo
903 3092 1039 3156 fortasse
1050 3091 1194 3172 vertitur,
1203 3093 1294 3179 quod
1308 3094 1447 3158 eundem
1459 3094 1586 3162 'liberii
1598 3119 1654 3163 an·

614 3185 695 3245 uum
707 3176 761 3242 alii
775 3179 817 3242 ab
829 3176 893 3242 alio
902 3176 1052 3264 'tempore
1067 3177 1207 3263 incipere
1218 3179 1450 3244 consueverint.
1481 3181 1583 3248 Porro
1596 3204 1653 3271 pro

612 3263 791 3332 rationibus
813 3262 959 3329 Africani
980 3263 1112 3328 unicum
1133 3286 1252 3328 annum
1276 3263 1515 3351 praedieationis
1535 3269 1654 3333 Domi·

614 3350 695 3415 nieae
710 3349 890 3428 statuentis,
902 3350 935 3414 S.
945 3350 1051 3414 Lucas
1064 3370 1149 3413 anno
1161 3350 1275 3415 saltem
1287 3350 1415 3415 decimo
1428 3365 1521 3417 sexto
1534 3354 1654 3420 Tiberii

616 3435 754 3502 Caesuris
769 3436 910 3534 alligavit
927 3433 1050 3499 Christi
1065 3449 1216 3514 mortem,
1230 3457 1306 3500 curn
1320 3457 1404 3500 anno
1418 3436 1550 3503 decimo
1585 3441 1653 3506 uiu-

610 3535 652 3586 -to
667 3521 811 3608 ejusdem
825 3519 951 3606 imperii
965 3520 1160 3607 baptismum
1179 3522 1249 3607 ejus
1271 3521 1426 3607 posuerit.
1469 3525 1550 3590 EtJ
1588 3526 1650 3591 'um

615 3606 818 3672 Hilarionem
840 3606 933 3669 video
956 3606 988 3670 in
1013 3606 1199 3692 Opusculo,
1215 3607 1305 3692 quod
1326 3608 1443 3693 saepius
1464 3611 1651 3691 memorari,

615 3692 668 3757 De
689 3692 808 3757 Mundi
828 3691 1004 3756 Duratione
1026 3693 1057 3774 ᾗ.
1080 3697 1127 3755 16.
1150 3706 1289 3755 mortem
1310 3693 1446 3757 Domini
1467 3694 1511 3758 ad
1531 3717 1650 3777 annum

615 3776 777 3844 decimum
805 3791 929 3842 sextum
963 3777 1089 3863 imperii
1121 3778 1242 3841 Tiberii
1269 3777 1405 3842 Caesaris
1433 3779 1648 3846 collocavisse.

616 3865 715 3931 Porro
734 3863 821 3928 idem
842 3861 970 3928 Hilario
990 3863 1022 3926 in
1039 3864 1192 3927 Tractatu
1207 3884 1337 3950 quoque
1350 3886 1369 3927 a
1384 3863 1497 3931 Pfaffio
1511 3867 1650 3954 primum

614 3949 713 4029 edite,
728 3951 779 4014 De
794 3950 857 4013 Die
875 3947 1012 4027 Pasctae,
1029 3948 1260 4013 sextodecimo
1274 3949 1332 4013 illo
1349 3949 1469 4015 Tiberii
1489 3972 1577 4018 anno
1593 3973 1650 4039 pro

614 4035 708 4098 nobis
729 4036 908 4100 Dominum
928 4034 1134 4132 immolatum
1152 4055 1222 4131 esse
1243 4033 1409 4099 Christum
1419 4036 1542 4134 ,scribit
1558 4040 1589 4124 ξ.
1605 4051 1649 4104 14.

613 4118 706 4270 hidis
720 4121 1070 4271 glilirliilnihaiis'
1092 4118 1378 4270 iiiiiii'riil
1396 4135 1648 4275 <illidam

613 4288 806 4356 Africanum
822 4292 967 4356 retulisse
984 4290 1152 4355 Christum
1167 4312 1297 4378 passum
1309 4312 1378 4356 esse
1393 4291 1528 4380 Olymp.
1539 4308 1646 4361 ms.

612 4375 733 4443 Tiberii
757 4398 798 4439 ue
819 4377 955 4441 Caesaris
977 4399 1062 4441 anno
1082 4395 1201 4443 xvrrs.
1220 4398 1289 4441 rem
1309 4377 1337 4441 si
1355 4376 1463 4443 minus
1481 4392 1647 4460 secum‚st

612 4482 690 4527 eum
705 4398 849 4562 Alsicani
871 4462 1050 4562 rationibus
1069 4461 1278 4529 'dissidentem
1300 4464 1424 4528 statuit.
1445 4484 1480 4550 p.
1494 4479 1567 4533 558.
1580 4464 1645 4532 Mi·

614 4547 975 4712 “olliidbiililsssaisglliii
992 4562 1138 4720 iginiiira]
1157 4633 1347 4720 legendum
1368 4633 1497 4701 videtur
1516 4637 1573 4701 riri
1591 4655 1645 4729 pro

614 4721 662 4800 sir,
680 4732 779 4808 prout
795 4721 905 4790 locum
925 4720 1019 4788 vertit
1037 4719 1271 4809 Hieronymus.
1313 4723 1362 4788 At
1381 4741 1456 4789 vero
1478 4743 1542 4810 pro
1561 4721 1642 4789 Alti-
