<?xml version="1.0" encoding="UTF-8"?>
<!DOCTYPE html PUBLIC "-//W3C//DTD XHTML 1.0 Transitional//EN"
    "http://www.w3.org/TR/xhtml1/DTD/xhtml1-transitional.dtd">
<html xmlns="http://www.w3.org/1999/xhtml" xml:lang="en" lang="en">
 <head>
  <title>
</title>
<meta http-equiv="Content-Type" content="text/html;charset=utf-8" />
  <meta name='ocr-system' content='tesseract 3.04.00' />
  <meta name='ocr-capabilities' content='ocr_page ocr_carea ocr_par ocr_line ocrx_word'/>
</head>
<body>
  <div class='ocr_page' id='page_1' title='image "./reliquiaesacrae09routgoog_0491.png"; bbox 0 0 4092 5675; ppageno 0'>
   <div class='ocr_carea' id='block_1_1' title="bbox 579 794 1441 881">
    <p class='ocr_par' dir='ltr' id='par_1_1' title="bbox 579 794 1441 881">
     <span class='ocr_line' id='line_1_1' title="bbox 579 794 1441 881; baseline 0.005 -19"><span class='ocrx_word' id='word_1_1' title='bbox 579 794 632 865; x_wconf 92' lang='lat' dir='ltr'>IN</span> <span class='ocrx_word' id='word_1_2' title='bbox 653 795 885 864; x_wconf 89' lang='lat' dir='ltr'><strong>SYNODUM</strong></span> <span class='ocrx_word' id='word_1_3' title='bbox 908 794 1270 863; x_wconf 83' lang='lat' dir='ltr'>ANTIOCHENAM.</span> <span class='ocrx_word' id='word_1_4' title='bbox 1379 807 1441 881; x_wconf 83' lang='lat'>497</span> 
     </span>
    </p>
   </div>
   <div class='ocr_carea' id='block_1_2' title="bbox 396 965 1518 4142">
    <p class='ocr_par' dir='ltr' id='par_1_2' title="bbox 398 965 1518 1311">
     <span class='ocr_line' id='line_1_2' title="bbox 400 965 1518 1056; baseline -0.004 -22"><span class='ocrx_word' id='word_1_5' title='bbox 400 989 491 1034; x_wconf 86' lang='lat' dir='ltr'>nunc</span> <span class='ocrx_word' id='word_1_6' title='bbox 508 968 677 1056; x_wconf 88' lang='lat' dir='ltr'>sequitur.)</span> <span class='ocrx_word' id='word_1_7' title='bbox 708 967 765 1047; x_wconf 74' lang='lat' dir='ltr'>Kal</span> <span class='ocrx_word' id='word_1_8' title='bbox 784 974 920 1055; x_wconf 75' lang='grc' dir='ltr'>ἀλλαχοῦ</span> <span class='ocrx_word' id='word_1_9' title='bbox 941 967 1018 1054; x_wconf 75' lang='grc' dir='ltr'>λέγει</span> <span class='ocrx_word' id='word_1_10' title='bbox 1044 967 1185 1052; x_wconf 83' lang='grc' dir='ltr'><strong>(Ρο111111)</strong></span> <span class='ocrx_word' id='word_1_11' title='bbox 1208 966 1296 1032; x_wconf 75' lang='grc' dir='ltr'>ἄλλον</span> <span class='ocrx_word' id='word_1_12' title='bbox 1318 965 1382 1045; x_wconf 72' lang='lat' dir='ltr'>elma</span> <span class='ocrx_word' id='word_1_13' title='bbox 1395 967 1443 1030; x_wconf 77' lang='lat' dir='ltr'>riv</span> <span class='ocrx_word' id='word_1_14' title='bbox 1515 965 1518 972; x_wconf 73' lang='grc'><strong>’</strong></span> 
     </span>
     <span class='ocr_line' id='line_1_3' title="bbox 398 1053 1442 1141; baseline -0.004 -23"><span class='ocrx_word' id='word_1_15' title='bbox 398 1053 510 1134; x_wconf 75' lang='grc' dir='ltr'>Ἰησοῦν</span> <span class='ocrx_word' id='word_1_16' title='bbox 530 1054 642 1141; x_wconf 71' lang='grc' dir='ltr'>Χριςόν·</span> <span class='ocrx_word' id='word_1_17' title='bbox 675 1056 843 1140; x_wconf 87' lang='lat' dir='ltr'>(Leontius</span> <span class='ocrx_word' id='word_1_18' title='bbox 865 1055 939 1119; x_wconf 90' lang='lat' dir='ltr'>MS.</span> <span class='ocrx_word' id='word_1_19' title='bbox 960 1054 1058 1119; x_wconf 89' lang='lat' dir='ltr'>habet</span> <span class='ocrx_word' id='word_1_20' title='bbox 1076 1056 1122 1117; x_wconf 80' lang='grc' dir='ltr'>τὸν</span> <span class='ocrx_word' id='word_1_21' title='bbox 1138 1056 1184 1117; x_wconf 76' lang='lat' dir='ltr'>riv</span> <span class='ocrx_word' id='word_1_22' title='bbox 1202 1056 1307 1133; x_wconf 81' lang='grc' dir='ltr'>Ἰησοῦν</span> <span class='ocrx_word' id='word_1_23' title='bbox 1328 1054 1442 1138; x_wconf 78' lang='grc' dir='ltr'>Χριςὸν,</span> 
     </span>
     <span class='ocr_line' id='line_1_4' title="bbox 400 1137 1442 1226; baseline -0.003 -22"><span class='ocrx_word' id='word_1_24' title='bbox 400 1142 540 1205; x_wconf 78' lang='lat' dir='ltr'>fortasse</span> <span class='ocrx_word' id='word_1_25' title='bbox 558 1141 793 1205; x_wconf 90' lang='lat' dir='ltr'>emendandum</span> <span class='ocrx_word' id='word_1_26' title='bbox 813 1143 859 1205; x_wconf 83' lang='grc' dir='ltr'>τὸν</span> <span class='ocrx_word' id='word_1_27' title='bbox 879 1141 979 1226; x_wconf 79' lang='grc' dir='ltr'><em>Κύριον</em></span> <span class='ocrx_word' id='word_1_28' title='bbox 997 1142 1033 1203; x_wconf 91' lang='grc'>’1.</span> <span class='ocrx_word' id='word_1_29' title='bbox 1052 1142 1106 1222; x_wconf 88' lang='lat' dir='ltr'>X.)</span> <span class='ocrx_word' id='word_1_30' title='bbox 1128 1142 1176 1203; x_wconf 75' lang='lat' dir='ltr'>nal</span> <span class='ocrx_word' id='word_1_31' title='bbox 1198 1138 1285 1205; x_wconf 79' lang='grc' dir='ltr'>ἄλλον</span> <span class='ocrx_word' id='word_1_32' title='bbox 1304 1140 1350 1203; x_wconf 81' lang='grc' dir='ltr'>τὸν</span> <span class='ocrx_word' id='word_1_33' title='bbox 1368 1137 1442 1202; x_wconf 84' lang='grc' dir='ltr'>Θεῦι</span> 
     </span>
     <span class='ocr_line' id='line_1_5' title="bbox 404 1226 1103 1311; baseline -0.004 -20"><span class='ocrx_word' id='word_1_34' title='bbox 404 1227 598 1310; x_wconf 76' lang='grc' dir='ltr'><strong>(Θ111111011</strong></span> <span class='ocrx_word' id='word_1_35' title='bbox 614 1249 632 1290; x_wconf 89' lang='lat' dir='ltr'>a</span> <span class='ocrx_word' id='word_1_36' title='bbox 647 1226 873 1292; x_wconf 81' lang='lat' dir='ltr'>Contestatione</span> <span class='ocrx_word' id='word_1_37' title='bbox 888 1226 981 1308; x_wconf 65' lang='lat' dir='ltr'>Cleri)</span> <span class='ocrx_word' id='word_1_38' title='bbox 998 1227 1103 1311; x_wconf 76' lang='lat' dir='ltr'>Atym.</span> 
     </span>
    </p>

    <p class='ocr_par' dir='ltr' id='par_1_3' title="bbox 396 1305 1450 3369">
     <span class='ocr_line' id='line_1_6' title="bbox 450 1305 1443 1399; baseline -0.003 -23"><span class='ocrx_word' id='word_1_39' title='bbox 450 1314 624 1398; x_wconf 89' lang='lat' dir='ltr'>Postquam</span> <span class='ocrx_word' id='word_1_40' title='bbox 646 1335 720 1377; x_wconf 89' lang='lat' dir='ltr'>vero</span> <span class='ocrx_word' id='word_1_41' title='bbox 741 1336 780 1377; x_wconf 90' lang='lat' dir='ltr'>ex</span> <span class='ocrx_word' id='word_1_42' title='bbox 800 1313 922 1376; x_wconf 89' lang='lat' dir='ltr'>Graecis</span> <span class='ocrx_word' id='word_1_43' title='bbox 944 1311 1094 1399; x_wconf 87' lang='lat' dir='ltr'>dispersis</span> <span class='ocrx_word' id='word_1_44' title='bbox 1115 1310 1186 1376; x_wconf 90' lang='lat' dir='ltr'>haec</span> <span class='ocrx_word' id='word_1_45' title='bbox 1208 1309 1338 1397; x_wconf 82' lang='lat' dir='ltr'>digessi,</span> <span class='ocrx_word' id='word_1_46' title='bbox 1361 1305 1443 1374; x_wconf 92' lang='lat' dir='ltr'>mihi</span> 
     </span>
     <span class='ocr_line' id='line_1_7' title="bbox 400 1396 1441 1485; baseline -0.002 -24"><span class='ocrx_word' id='word_1_47' title='bbox 400 1399 586 1477; x_wconf 82' lang='lat' dir='ltr'>constabat,</span> <span class='ocrx_word' id='word_1_48' title='bbox 597 1398 686 1462; x_wconf 91' lang='lat' dir='ltr'>Pauli</span> <span class='ocrx_word' id='word_1_49' title='bbox 696 1400 800 1478; x_wconf 89' lang='lat' dir='ltr'>verba,</span> <span class='ocrx_word' id='word_1_50' title='bbox 811 1421 883 1485; x_wconf 86' lang='lat' dir='ltr'>quae</span> <span class='ocrx_word' id='word_1_51' title='bbox 895 1398 1061 1463; x_wconf 90' lang='lat' dir='ltr'>aLeontio</span> <span class='ocrx_word' id='word_1_52' title='bbox 1071 1397 1200 1485; x_wconf 87' lang='lat' dir='ltr'>quidem</span> <span class='ocrx_word' id='word_1_53' title='bbox 1211 1396 1346 1484; x_wconf 90' lang='lat' dir='ltr'>repetita</span> <span class='ocrx_word' id='word_1_54' title='bbox 1355 1409 1441 1475; x_wconf 90' lang='lat' dir='ltr'>sunt,</span> 
     </span>
     <span class='ocr_line' id='line_1_8' title="bbox 396 1483 1442 1571; baseline -0.002 -24"><span class='ocrx_word' id='word_1_55' title='bbox 396 1483 470 1571; x_wconf 84' lang='lat' dir='ltr'>jam</span> <span class='ocrx_word' id='word_1_56' title='bbox 494 1497 567 1548; x_wconf 90' lang='lat' dir='ltr'>ante</span> <span class='ocrx_word' id='word_1_57' title='bbox 587 1484 702 1569; x_wconf 87' lang='lat' dir='ltr'>partim</span> <span class='ocrx_word' id='word_1_58' title='bbox 726 1484 813 1548; x_wconf 88' lang='lat' dir='ltr'>edita</span> <span class='ocrx_word' id='word_1_59' title='bbox 836 1485 951 1548; x_wconf 89' lang='lat' dir='ltr'>Graece</span> <span class='ocrx_word' id='word_1_60' title='bbox 972 1484 1070 1547; x_wconf 83' lang='lat' dir='ltr'>fuisse</span> <span class='ocrx_word' id='word_1_61' title='bbox 1093 1506 1112 1546; x_wconf 89' lang='lat' dir='ltr'>a</span> <span class='ocrx_word' id='word_1_62' title='bbox 1132 1484 1256 1547; x_wconf 87' lang='lat' dir='ltr'>Jacobo</span> <span class='ocrx_word' id='word_1_63' title='bbox 1276 1483 1364 1546; x_wconf 85' lang='lat' dir='ltr'>Guil.</span> <span class='ocrx_word' id='word_1_64' title='bbox 1381 1484 1442 1545; x_wconf 87' lang='lat' dir='ltr'>Fe·</span> 
     </span>
     <span class='ocr_line' id='line_1_9' title="bbox 402 1566 1443 1655; baseline -0.002 -22"><span class='ocrx_word' id='word_1_65' title='bbox 402 1570 527 1633; x_wconf 85' lang='lat' dir='ltr'>verlino</span> <span class='ocrx_word' id='word_1_66' title='bbox 542 1592 581 1632; x_wconf 89' lang='lat' dir='ltr'>ex</span> <span class='ocrx_word' id='word_1_67' title='bbox 593 1569 714 1634; x_wconf 87' lang='lat' dir='ltr'>Codice</span> <span class='ocrx_word' id='word_1_68' title='bbox 728 1571 802 1634; x_wconf 91' lang='lat' dir='ltr'>MS.</span> <span class='ocrx_word' id='word_1_69' title='bbox 815 1584 903 1635; x_wconf 83' lang='lat'><strong>2503.</strong></span> <span class='ocrx_word' id='word_1_70' title='bbox 917 1569 1072 1633; x_wconf 91' lang='lat' dir='ltr'>Biblioth.</span> <span class='ocrx_word' id='word_1_71' title='bbox 1086 1569 1196 1655; x_wconf 84' lang='lat' dir='ltr'>Regiae</span> <span class='ocrx_word' id='word_1_72' title='bbox 1210 1568 1305 1646; x_wconf 84' lang='lat' dir='ltr'>Paris.</span> <span class='ocrx_word' id='word_1_73' title='bbox 1319 1568 1352 1632; x_wconf 91' lang='lat' dir='ltr'>in</span> <span class='ocrx_word' id='word_1_74' title='bbox 1365 1566 1443 1631; x_wconf 87' lang='lat' dir='ltr'>Dis-</span> 
     </span>
     <span class='ocr_line' id='line_1_10' title="bbox 402 1651 1444 1741; baseline -0.002 -22"><span class='ocrx_word' id='word_1_75' title='bbox 402 1667 479 1719; x_wconf 87' lang='lat' dir='ltr'>sert.</span> <span class='ocrx_word' id='word_1_76' title='bbox 495 1656 532 1719; x_wconf 87' lang='lat' dir='ltr'>de</span> <span class='ocrx_word' id='word_1_77' title='bbox 548 1655 673 1719; x_wconf 73' lang='lat' dir='ltr'>Hares</span> <span class='ocrx_word' id='word_1_78' title='bbox 693 1654 789 1720; x_wconf 82' lang='lat' dir='ltr'>Pauli</span> <span class='ocrx_word' id='word_1_79' title='bbox 811 1655 1002 1719; x_wconf 83' lang='lat' dir='ltr'>Samosateai</span> <span class='ocrx_word' id='word_1_80' title='bbox 1023 1655 1192 1741; x_wconf 85' lang='lat' dir='ltr'>Gottingae</span> <span class='ocrx_word' id='word_1_81' title='bbox 1212 1666 1298 1730; x_wconf 76' lang='lat'>1741.</span> <span class='ocrx_word' id='word_1_82' title='bbox 1319 1666 1385 1717; x_wconf 81' lang='grc'><strong>410.</strong></span> <span class='ocrx_word' id='word_1_83' title='bbox 1402 1651 1444 1717; x_wconf 93' lang='lat' dir='ltr'>ad</span> 
     </span>
     <span class='ocr_line' id='line_1_11' title="bbox 403 1739 1444 1829; baseline -0.002 -25"><span class='ocrx_word' id='word_1_84' title='bbox 403 1744 437 1824; x_wconf 63' lang='grc' dir='ltr'>ξ.</span> <span class='ocrx_word' id='word_1_85' title='bbox 450 1741 494 1805; x_wconf 92' lang='grc'><strong>111.</strong></span> <span class='ocrx_word' id='word_1_86' title='bbox 509 1763 542 1829; x_wconf 93' lang='lat' dir='ltr'>p.</span> <span class='ocrx_word' id='word_1_87' title='bbox 561 1756 607 1803; x_wconf 86' lang='lat'>10.</span> <span class='ocrx_word' id='word_1_88' title='bbox 624 1741 664 1805; x_wconf 90' lang='lat' dir='ltr'>de</span> <span class='ocrx_word' id='word_1_89' title='bbox 678 1764 741 1829; x_wconf 88' lang='lat' dir='ltr'>qua</span> <span class='ocrx_word' id='word_1_90' title='bbox 755 1741 989 1806; x_wconf 87' lang='lat' dir='ltr'>Dissertatione</span> <span class='ocrx_word' id='word_1_91' title='bbox 1005 1740 1110 1805; x_wconf 88' lang='lat' dir='ltr'>dicam</span> <span class='ocrx_word' id='word_1_92' title='bbox 1125 1740 1281 1826; x_wconf 77' lang='lat' dir='ltr'>posthac.</span> <span class='ocrx_word' id='word_1_93' title='bbox 1312 1739 1444 1825; x_wconf 89' lang='lat' dir='ltr'>Optime</span> 
     </span>
     <span class='ocr_line' id='line_1_12' title="bbox 396 1825 1445 1913; baseline -0.003 -22"><span class='ocrx_word' id='word_1_94' title='bbox 396 1841 515 1891; x_wconf 81' lang='lat' dir='ltr'>autem</span> <span class='ocrx_word' id='word_1_95' title='bbox 530 1826 720 1892; x_wconf 84' lang='lat' dir='ltr'>Theodorus</span> <span class='ocrx_word' id='word_1_96' title='bbox 744 1827 784 1890; x_wconf 90' lang='lat' dir='ltr'>de</span> <span class='ocrx_word' id='word_1_97' title='bbox 806 1827 934 1907; x_wconf 86' lang='lat' dir='ltr'>Raithu,</span> <span class='ocrx_word' id='word_1_98' title='bbox 951 1827 1061 1891; x_wconf 85' lang='lat' dir='ltr'>saecali</span> <span class='ocrx_word' id='word_1_99' title='bbox 1077 1826 1204 1913; x_wconf 84' lang='lat' dir='ltr'>septimi</span> <span class='ocrx_word' id='word_1_100' title='bbox 1222 1825 1359 1911; x_wconf 83' lang='lat' dir='ltr'>scriptor</span> <span class='ocrx_word' id='word_1_101' title='bbox 1376 1825 1445 1912; x_wconf 94' lang='lat' dir='ltr'>(qui</span> 
     </span>
     <span class='ocr_line' id='line_1_13' title="bbox 403 1911 1445 1994; baseline -0.001 -19"><span class='ocrx_word' id='word_1_102' title='bbox 403 1912 555 1978; x_wconf 87' lang='lat' dir='ltr'>similiter</span> <span class='ocrx_word' id='word_1_103' title='bbox 578 1935 615 1976; x_wconf 88' lang='lat' dir='ltr'>ae</span> <span class='ocrx_word' id='word_1_104' title='bbox 633 1927 721 1978; x_wconf 90' lang='lat' dir='ltr'>vetus</span> <span class='ocrx_word' id='word_1_105' title='bbox 745 1927 857 1977; x_wconf 84' lang='lat' dir='ltr'>auctor</span> <span class='ocrx_word' id='word_1_106' title='bbox 882 1913 997 1977; x_wconf 93' lang='lat' dir='ltr'>borum</span> <span class='ocrx_word' id='word_1_107' title='bbox 1019 1913 1298 1994; x_wconf 85' lang='lat' dir='ltr'>Collectaneorum</span> <span class='ocrx_word' id='word_1_108' title='bbox 1323 1911 1445 1975; x_wconf 79' lang='grc'><strong>1111110-</strong></span> 
     </span>
     <span class='ocr_line' id='line_1_14' title="bbox 404 1997 1446 2084; baseline -0.002 -22"><span class='ocrx_word' id='word_1_109' title='bbox 404 1997 497 2062; x_wconf 89' lang='lat' dir='ltr'>dium</span> <span class='ocrx_word' id='word_1_110' title='bbox 514 2013 583 2063; x_wconf 89' lang='lat' dir='ltr'>tum</span> <span class='ocrx_word' id='word_1_111' title='bbox 599 1999 752 2084; x_wconf 89' lang='lat' dir='ltr'>temporis</span> <span class='ocrx_word' id='word_1_112' title='bbox 767 1998 992 2076; x_wconf 86' lang='lat' dir='ltr'>adductorum,</span> <span class='ocrx_word' id='word_1_113' title='bbox 1006 2021 1079 2062; x_wconf 90' lang='lat' dir='ltr'>cum</span> <span class='ocrx_word' id='word_1_114' title='bbox 1096 1999 1257 2061; x_wconf 87' lang='lat' dir='ltr'>fervebant</span> <span class='ocrx_word' id='word_1_115' title='bbox 1271 1997 1343 2061; x_wconf 89' lang='lat' dir='ltr'>lites</span> <span class='ocrx_word' id='word_1_116' title='bbox 1358 1999 1446 2061; x_wconf 91' lang='lat' dir='ltr'>Nes-</span> 
     </span>
     <span class='ocr_line' id='line_1_15' title="bbox 404 2083 1446 2170; baseline -0.001 -22"><span class='ocrx_word' id='word_1_117' title='bbox 404 2087 551 2166; x_wconf 87' lang='lat' dir='ltr'>torianae‚</span> <span class='ocrx_word' id='word_1_118' title='bbox 579 2084 804 2170; x_wconf 90' lang='lat' dir='ltr'>Catholicique</span> <span class='ocrx_word' id='word_1_119' title='bbox 835 2084 933 2148; x_wconf 90' lang='lat' dir='ltr'>Paulo</span> <span class='ocrx_word' id='word_1_120' title='bbox 961 2084 1162 2159; x_wconf 89' lang='lat' dir='ltr'>Nestorium,</span> <span class='ocrx_word' id='word_1_121' title='bbox 1193 2084 1279 2146; x_wconf 87' lang='lat' dir='ltr'>dicta</span> <span class='ocrx_word' id='word_1_122' title='bbox 1307 2083 1376 2145; x_wconf 88' lang='lat' dir='ltr'>e&#39;us</span> <span class='ocrx_word' id='word_1_123' title='bbox 1406 2104 1446 2147; x_wconf 88' lang='lat' dir='ltr'>ex</span> 
     </span>
     <span class='ocr_line' id='line_1_16' title="bbox 405 2107 1446 2246; baseline 0 -13"><span class='ocrx_word' id='word_1_124' title='bbox 405 2170 540 2235; x_wconf 86' lang='lat' dir='ltr'>adverso</span> <span class='ocrx_word' id='word_1_125' title='bbox 574 2170 781 2245; x_wconf 87' lang='lat' dir='ltr'>collocantes,</span> <span class='ocrx_word' id='word_1_126' title='bbox 808 2169 943 2233; x_wconf 89' lang='lat' dir='ltr'>libenter</span> <span class='ocrx_word' id='word_1_127' title='bbox 976 2170 1193 2246; x_wconf 87' lang='lat' dir='ltr'>contulerunt,</span> <span class='ocrx_word' id='word_1_128' title='bbox 1222 2107 1359 2232; x_wconf 89' lang='lat' dir='ltr'>eredidit</span> <span class='ocrx_word' id='word_1_129' title='bbox 1389 2189 1446 2233; x_wconf 90' lang='lat' dir='ltr'>eos</span> 
     </span>
     <span class='ocr_line' id='line_1_17' title="bbox 405 2254 1447 2342; baseline -0.002 -23"><span class='ocrx_word' id='word_1_130' title='bbox 405 2271 566 2342; x_wconf 85' lang='lat' dir='ltr'>cognatos</span> <span class='ocrx_word' id='word_1_131' title='bbox 579 2255 747 2321; x_wconf 86' lang='lat' dir='ltr'>haereticos</span> <span class='ocrx_word' id='word_1_132' title='bbox 762 2258 843 2337; x_wconf 89' lang='lat' dir='ltr'>esse)</span> <span class='ocrx_word' id='word_1_133' title='bbox 865 2255 952 2318; x_wconf 89' lang='lat' dir='ltr'>Pauli</span> <span class='ocrx_word' id='word_1_134' title='bbox 966 2255 1088 2341; x_wconf 86' lang='lat' dir='ltr'>dogma</span> <span class='ocrx_word' id='word_1_135' title='bbox 1102 2256 1147 2318; x_wconf 88' lang='lat' dir='ltr'>ita</span> <span class='ocrx_word' id='word_1_136' title='bbox 1162 2254 1447 2341; x_wconf 67' lang='lat' dir='ltr'>exposuit-duis</span> 
     </span>
     <span class='ocr_line' id='line_1_18' title="bbox 406 2339 1449 2429; baseline 0.001 -26"><span class='ocrx_word' id='word_1_137' title='bbox 406 2340 549 2427; x_wconf 68' lang='grc' dir='ltr'>ἄνθρωπον</span> <span class='ocrx_word' id='word_1_138' title='bbox 574 2342 638 2421; x_wconf 75' lang='lat' dir='ltr'>slvoq</span> <span class='ocrx_word' id='word_1_139' title='bbox 659 2340 704 2405; x_wconf 83' lang='grc' dir='ltr'>τῦν</span> <span class='ocrx_word' id='word_1_140' title='bbox 730 2342 829 2429; x_wconf 64' lang='grc' dir='ltr'>Κύριον</span> <span class='ocrx_word' id='word_1_141' title='bbox 852 2343 1035 2424; x_wconf 60' lang='lat' dir='ltr'>&amp;tarataram</span> <span class='ocrx_word' id='word_1_142' title='bbox 1062 2341 1219 2425; x_wconf 89' lang='lat' dir='ltr'>(Paulus)·</span> <span class='ocrx_word' id='word_1_143' title='bbox 1246 2339 1336 2424; x_wconf 73' lang='grc' dir='ltr'><em>ὥσπερ</em></span> <span class='ocrx_word' id='word_1_144' title='bbox 1361 2341 1388 2401; x_wconf 78' lang='grc' dir='ltr'>δὲ</span> <span class='ocrx_word' id='word_1_145' title='bbox 1411 2345 1449 2415; x_wconf 79' lang='grc' dir='ltr'>εἷς</span> 
     </span>
     <span class='ocr_line' id='line_1_19' title="bbox 407 2424 1447 2513; baseline 0.001 -25"><span class='ocrx_word' id='word_1_146' title='bbox 407 2426 508 2500; x_wconf 63' lang='lat' dir='ltr'>inas-ov</span> <span class='ocrx_word' id='word_1_147' title='bbox 526 2435 580 2491; x_wconf 78' lang='grc' dir='ltr'>τοῦν</span> <span class='ocrx_word' id='word_1_148' title='bbox 600 2454 630 2491; x_wconf 80' lang='lat' dir='ltr'>ar</span> <span class='ocrx_word' id='word_1_149' title='bbox 647 2436 760 2511; x_wconf 74' lang='grc' dir='ltr'>οφητοῦν,</span> <span class='ocrx_word' id='word_1_150' title='bbox 776 2425 845 2490; x_wconf 82' lang='grc' dir='ltr'>οῦτοι</span> <span class='ocrx_word' id='word_1_151' title='bbox 865 2425 911 2504; x_wconf 68' lang='lat' dir='ltr'>aa)</span> <span class='ocrx_word' id='word_1_152' title='bbox 933 2431 959 2490; x_wconf 82' lang='grc' dir='ltr'>ἐν</span> <span class='ocrx_word' id='word_1_153' title='bbox 980 2432 1055 2512; x_wconf 79' lang='grc' dir='ltr'><em>αὐτῷ</em></span> <span class='ocrx_word' id='word_1_154' title='bbox 1075 2426 1194 2513; x_wconf 52' lang='grc' dir='ltr'>γένεῶσᾼ</span> <span class='ocrx_word' id='word_1_155' title='bbox 1208 2434 1255 2489; x_wconf 82' lang='grc' dir='ltr'>τοῦ</span> <span class='ocrx_word' id='word_1_156' title='bbox 1271 2431 1346 2490; x_wconf 78' lang='grc' dir='ltr'>Θεοῦ</span> <span class='ocrx_word' id='word_1_157' title='bbox 1360 2424 1447 2511; x_wconf 76' lang='grc' dir='ltr'>λόγου</span> 
     </span>
     <span class='ocr_line' id='line_1_20' title="bbox 405 2511 1446 2599; baseline 0 -26"><span class='ocrx_word' id='word_1_158' title='bbox 405 2517 456 2589; x_wconf 70' lang='grc' dir='ltr'>τήν</span> <span class='ocrx_word' id='word_1_159' title='bbox 469 2512 598 2591; x_wconf 76' lang='grc' dir='ltr'>ἄσκησιν·</span> <span class='ocrx_word' id='word_1_160' title='bbox 622 2520 694 2576; x_wconf 65' lang='lat' dir='ltr'>sabra</span> <span class='ocrx_word' id='word_1_161' title='bbox 709 2515 730 2599; x_wconf 55' lang='grc' dir='ltr'>οὲ</span> <span class='ocrx_word' id='word_1_162' title='bbox 746 2512 788 2575; x_wconf 79' lang='grc' dir='ltr'>δῦο</span> <span class='ocrx_word' id='word_1_163' title='bbox 802 2512 891 2594; x_wconf 77' lang='grc' dir='ltr'>φύσεις</span> <span class='ocrx_word' id='word_1_164' title='bbox 907 2513 1064 2599; x_wconf 69' lang='grc' dir='ltr'>διῃρημένοις</span> <span class='ocrx_word' id='word_1_165' title='bbox 1085 2511 1240 2599; x_wconf 63' lang='grc' dir='ltr'>ἐχούσιιςιζ1</span> <span class='ocrx_word' id='word_1_166' title='bbox 1255 2512 1446 2590; x_wconf 78' lang='grc' dir='ltr'>ἁκοινωνῆτοος</span> 
     </span>
     <span class='ocr_line' id='line_1_21' title="bbox 408 2596 1448 2685; baseline -0.002 -24"><span class='ocrx_word' id='word_1_167' title='bbox 408 2601 481 2685; x_wconf 68' lang='grc' dir='ltr'>πρὸς</span> <span class='ocrx_word' id='word_1_168' title='bbox 497 2601 606 2673; x_wconf 81' lang='grc' dir='ltr'>ἑαυτοὺς</span> <span class='ocrx_word' id='word_1_169' title='bbox 621 2598 686 2677; x_wconf 68' lang='grc' dir='ltr'>εἶναι</span> <span class='ocrx_word' id='word_1_170' title='bbox 699 2599 883 2662; x_wconf 75' lang='grc' dir='ltr'>παντάπασιν</span> <span class='ocrx_word' id='word_1_171' title='bbox 899 2603 924 2661; x_wconf 82' lang='grc' dir='ltr'>ἔν</span> <span class='ocrx_word' id='word_1_172' title='bbox 942 2605 981 2684; x_wconf 79' lang='grc' dir='ltr'>τῷ</span> <span class='ocrx_word' id='word_1_173' title='bbox 1001 2604 1109 2684; x_wconf 72' lang='grc' dir='ltr'>Χριςῷ,</span> <span class='ocrx_word' id='word_1_174' title='bbox 1124 2601 1158 2672; x_wconf 80' lang='grc' dir='ltr'>ὠς</span> <span class='ocrx_word' id='word_1_175' title='bbox 1172 2597 1260 2661; x_wconf 73' lang='grc' dir='ltr'>ἄλλου</span> <span class='ocrx_word' id='word_1_176' title='bbox 1275 2596 1348 2672; x_wconf 80' lang='grc' dir='ltr'>ὄντος</span> <span class='ocrx_word' id='word_1_177' title='bbox 1364 2602 1448 2660; x_wconf 76' lang='grc' dir='ltr'>αὑτοῦ</span> 
     </span>
     <span class='ocr_line' id='line_1_22' title="bbox 407 2683 1450 2771; baseline 0 -24"><span class='ocrx_word' id='word_1_178' title='bbox 407 2691 457 2748; x_wconf 83' lang='grc' dir='ltr'>τοῦ</span> <span class='ocrx_word' id='word_1_179' title='bbox 479 2690 584 2771; x_wconf 79' lang='grc' dir='ltr'>Χριςοῦ</span> <span class='ocrx_word' id='word_1_180' title='bbox 606 2688 627 2770; x_wconf 68' lang='lat' dir='ltr'>’lt</span> <span class='ocrx_word' id='word_1_181' title='bbox 650 2684 739 2748; x_wconf 80' lang='grc' dir='ltr'>ἄλλου</span> <span class='ocrx_word' id='word_1_182' title='bbox 759 2691 806 2746; x_wconf 80' lang='grc' dir='ltr'>τοῦ</span> <span class='ocrx_word' id='word_1_183' title='bbox 826 2689 851 2747; x_wconf 79' lang='grc' dir='ltr'>ἐν</span> <span class='ocrx_word' id='word_1_184' title='bbox 874 2688 949 2769; x_wconf 75' lang='grc' dir='ltr'><strong><em>αὐτῷ</em></strong></span> <span class='ocrx_word' id='word_1_185' title='bbox 970 2694 1158 2758; x_wconf 74' lang='grc' dir='ltr'>κατοικοῦντος</span> <span class='ocrx_word' id='word_1_186' title='bbox 1175 2689 1250 2747; x_wconf 81' lang='grc' dir='ltr'>Θεοῦ</span> <span class='ocrx_word' id='word_1_187' title='bbox 1265 2683 1369 2766; x_wconf 80' lang='grc' dir='ltr'>Λόγου.</span> <span class='ocrx_word' id='word_1_188' title='bbox 1398 2684 1450 2747; x_wconf 89' lang='lat' dir='ltr'>De</span> 
     </span>
     <span class='ocr_line' id='line_1_23' title="bbox 407 2769 1450 2858; baseline 0 -25"><span class='ocrx_word' id='word_1_189' title='bbox 407 2770 568 2834; x_wconf 85' lang='lat' dir='ltr'>Iacoraat.</span> <span class='ocrx_word' id='word_1_190' title='bbox 592 2770 732 2849; x_wconf 82' lang='lat' dir='ltr'>Domini,</span> <span class='ocrx_word' id='word_1_191' title='bbox 757 2770 797 2833; x_wconf 86' lang='lat' dir='ltr'>ad</span> <span class='ocrx_word' id='word_1_192' title='bbox 821 2770 941 2833; x_wconf 89' lang='lat' dir='ltr'>calcem</span> <span class='ocrx_word' id='word_1_193' title='bbox 969 2770 1091 2834; x_wconf 87' lang='lat' dir='ltr'>Gelasii</span> <span class='ocrx_word' id='word_1_194' title='bbox 1114 2770 1270 2858; x_wconf 89' lang='lat' dir='ltr'>Cyziceni</span> <span class='ocrx_word' id='word_1_195' title='bbox 1289 2770 1341 2833; x_wconf 85' lang='lat' dir='ltr'>De</span> <span class='ocrx_word' id='word_1_196' title='bbox 1357 2769 1450 2833; x_wconf 87' lang='lat' dir='ltr'>Actis</span> 
     </span>
     <span class='ocr_line' id='line_1_24' title="bbox 409 2856 1448 2945; baseline -0.001 -23"><span class='ocrx_word' id='word_1_197' title='bbox 409 2856 528 2945; x_wconf 79' lang='lat' dir='ltr'>Synodi</span> <span class='ocrx_word' id='word_1_198' title='bbox 544 2856 688 2921; x_wconf 81' lang='lat' dir='ltr'>Nicoenoe</span> <span class='ocrx_word' id='word_1_199' title='bbox 702 2880 721 2919; x_wconf 88' lang='lat' dir='ltr'>a</span> <span class='ocrx_word' id='word_1_200' title='bbox 736 2857 884 2921; x_wconf 85' lang='lat' dir='ltr'>Balforeo</span> <span class='ocrx_word' id='word_1_201' title='bbox 898 2856 987 2936; x_wconf 89' lang='lat' dir='ltr'>editi,</span> <span class='ocrx_word' id='word_1_202' title='bbox 1002 2879 1073 2943; x_wconf 88' lang='lat' dir='ltr'>cap.</span> <span class='ocrx_word' id='word_1_203' title='bbox 1087 2858 1118 2921; x_wconf 90' lang='lat' dir='ltr'>ii.</span> <span class='ocrx_word' id='word_1_204' title='bbox 1134 2879 1166 2943; x_wconf 93' lang='lat' dir='ltr'>p.</span> <span class='ocrx_word' id='word_1_205' title='bbox 1178 2872 1246 2920; x_wconf 85' lang='lat'>231.</span> <span class='ocrx_word' id='word_1_206' title='bbox 1284 2857 1348 2921; x_wconf 90' lang='lat' dir='ltr'>Sed</span> <span class='ocrx_word' id='word_1_207' title='bbox 1366 2858 1448 2921; x_wconf 89' lang='lat' dir='ltr'>Pau·</span> 
     </span>
     <span class='ocr_line' id='line_1_25' title="bbox 409 2941 1449 3030; baseline 0.001 -24"><span class='ocrx_word' id='word_1_208' title='bbox 409 2941 460 3007; x_wconf 89' lang='lat' dir='ltr'>lus</span> <span class='ocrx_word' id='word_1_209' title='bbox 481 2942 626 3007; x_wconf 89' lang='lat' dir='ltr'>Verbum</span> <span class='ocrx_word' id='word_1_210' title='bbox 652 2942 717 3007; x_wconf 92' lang='lat' dir='ltr'>Dei</span> <span class='ocrx_word' id='word_1_211' title='bbox 742 2947 790 3005; x_wconf 83' lang='grc' dir='ltr'>οὐκ</span> <span class='ocrx_word' id='word_1_212' title='bbox 815 2943 930 3007; x_wconf 70' lang='lat' dir='ltr'>troiana</span> <span class='ocrx_word' id='word_1_213' title='bbox 955 2942 1192 3022; x_wconf 79' lang='lat' dir='ltr'>substantivam,</span> <span class='ocrx_word' id='word_1_214' title='bbox 1212 2942 1270 3007; x_wconf 91' lang='lat' dir='ltr'>sed</span> <span class='ocrx_word' id='word_1_215' title='bbox 1290 2961 1374 3030; x_wconf 75' lang='lat' dir='ltr'>rpopo</span> <span class='ocrx_word' id='word_1_216' title='bbox 1394 2945 1449 3007; x_wconf 84' lang='grc' dir='ltr'>ικῦν</span> 
     </span>
     <span class='ocr_line' id='line_1_26' title="bbox 405 2969 1449 3116; baseline 0.001 -24"><span class='ocrx_word' id='word_1_217' title='bbox 405 3025 598 3113; x_wconf 79' lang='lat' dir='ltr'>prolativam</span> <span class='ocrx_word' id='word_1_218' title='bbox 613 3042 737 3093; x_wconf 88' lang='lat' dir='ltr'>tantum</span> <span class='ocrx_word' id='word_1_219' title='bbox 755 3050 823 3092; x_wconf 89' lang='lat' dir='ltr'>esse</span> <span class='ocrx_word' id='word_1_220' title='bbox 840 3030 1015 3107; x_wconf 83' lang='lat' dir='ltr'>statuebat3</span> <span class='ocrx_word' id='word_1_221' title='bbox 1037 3030 1070 3092; x_wconf 92' lang='lat' dir='ltr'>in</span> <span class='ocrx_word' id='word_1_222' title='bbox 1084 3053 1146 3116; x_wconf 91' lang='lat' dir='ltr'>qua</span> <span class='ocrx_word' id='word_1_223' title='bbox 1159 3030 1290 3116; x_wconf 90' lang='lat' dir='ltr'>quidem</span> <span class='ocrx_word' id='word_1_224' title='bbox 1306 3052 1339 3093; x_wconf 88' lang='grc'>10</span> <span class='ocrx_word' id='word_1_225' title='bbox 1354 2969 1395 3093; x_wconf 77' lang='lat' dir='ltr'>ab</span> <span class='ocrx_word' id='word_1_226' title='bbox 1410 3051 1449 3094; x_wconf 93' lang='grc'>00</span> 
     </span>
     <span class='ocr_line' id='line_1_27' title="bbox 407 3113 1448 3199; baseline 0.001 -22"><span class='ocrx_word' id='word_1_227' title='bbox 407 3113 594 3179; x_wconf 84' lang='lat' dir='ltr'>dissensisse</span> <span class='ocrx_word' id='word_1_228' title='bbox 612 3115 801 3178; x_wconf 87' lang='lat' dir='ltr'>Nestorium</span> <span class='ocrx_word' id='word_1_229' title='bbox 818 3115 915 3178; x_wconf 86' lang='lat' dir='ltr'>tradit</span> <span class='ocrx_word' id='word_1_230' title='bbox 930 3115 1049 3178; x_wconf 86' lang='lat' dir='ltr'>sacculo</span> <span class='ocrx_word' id='word_1_231' title='bbox 1064 3115 1177 3199; x_wconf 86' lang='lat' dir='ltr'>quinto</span> <span class='ocrx_word' id='word_1_232' title='bbox 1193 3114 1305 3177; x_wconf 87' lang='lat' dir='ltr'>adulto</span> <span class='ocrx_word' id='word_1_233' title='bbox 1322 3116 1448 3178; x_wconf 86' lang='lat' dir='ltr'>Marius</span> 
     </span>
     <span class='ocr_line' id='line_1_28' title="bbox 409 3198 1448 3295; baseline -0.001 -31"><span class='ocrx_word' id='word_1_234' title='bbox 409 3200 577 3264; x_wconf 91' lang='lat' dir='ltr'>Mercator</span> <span class='ocrx_word' id='word_1_235' title='bbox 594 3200 626 3262; x_wconf 91' lang='lat' dir='ltr'>in</span> <span class='ocrx_word' id='word_1_236' title='bbox 647 3198 794 3285; x_wconf 80' lang='lat' dir='ltr'>Epistola</span> <span class='ocrx_word' id='word_1_237' title='bbox 812 3200 863 3263; x_wconf 84' lang='lat' dir='ltr'>De</span> <span class='ocrx_word' id='word_1_238' title='bbox 884 3198 1073 3262; x_wconf 78' lang='lat' dir='ltr'>Discrimina</span> <span class='ocrx_word' id='word_1_239' title='bbox 1092 3201 1152 3261; x_wconf 78' lang='grc'><strong>810.</strong></span> <span class='ocrx_word' id='word_1_240' title='bbox 1173 3198 1213 3261; x_wconf 89' lang='lat' dir='ltr'>ad</span> <span class='ocrx_word' id='word_1_241' title='bbox 1235 3221 1277 3295; x_wconf 87' lang='lat' dir='ltr'>pa</span> <span class='ocrx_word' id='word_1_242' title='bbox 1304 3214 1376 3263; x_wconf 74' lang='lat'>,50.</span> <span class='ocrx_word' id='word_1_243' title='bbox 1397 3198 1448 3264; x_wconf 85' lang='lat' dir='ltr'>ed.</span> 
     </span>
     <span class='ocr_line' id='line_1_29' title="bbox 409 3220 1447 3369; baseline 0 -21"><span class='ocrx_word' id='word_1_244' title='bbox 409 3283 524 3350; x_wconf 89' lang='lat' dir='ltr'>Baluz.</span> <span class='ocrx_word' id='word_1_245' title='bbox 544 3285 656 3349; x_wconf 90' lang='lat' dir='ltr'>itidem</span> <span class='ocrx_word' id='word_1_246' title='bbox 672 3287 704 3349; x_wconf 90' lang='lat' dir='ltr'>in</span> <span class='ocrx_word' id='word_1_247' title='bbox 720 3285 857 3349; x_wconf 86' lang='lat' dir='ltr'>Nestorii</span> <span class='ocrx_word' id='word_1_248' title='bbox 872 3284 1145 3367; x_wconf 81' lang='lat' dir='ltr'>Blaspltemiaram</span> <span class='ocrx_word' id='word_1_249' title='bbox 1164 3220 1317 3369; x_wconf 56' lang='lat' dir='ltr'>Coponiis</span> <span class='ocrx_word' id='word_1_250' title='bbox 1333 3307 1364 3369; x_wconf 87' lang='lat' dir='ltr'>p.</span> <span class='ocrx_word' id='word_1_251' title='bbox 1380 3292 1447 3348; x_wconf 79' lang='grc'><strong>165.</strong></span> 
     </span>
    </p>

    <p class='ocr_par' dir='ltr' id='par_1_4' title="bbox 406 3370 1451 4142">
     <span class='ocr_line' id='line_1_30' title="bbox 456 3370 1447 3446; baseline 0 -12"><span class='ocrx_word' id='word_1_252' title='bbox 456 3371 490 3434; x_wconf 90' lang='grc' dir='ltr'>Ρ.</span> <span class='ocrx_word' id='word_1_253' title='bbox 506 3377 575 3446; x_wconf 87' lang='grc'><strong><em>476.</em></strong></span> <span class='ocrx_word' id='word_1_254' title='bbox 594 3370 616 3435; x_wconf 92' lang='lat' dir='ltr'>l.</span> <span class='ocrx_word' id='word_1_255' title='bbox 637 3387 662 3434; x_wconf 85' lang='lat'>1.</span> <span class='ocrx_word' id='word_1_256' title='bbox 693 3373 937 3435; x_wconf 72' lang='lat' dir='ltr'>FRAGMENTA</span> <span class='ocrx_word' id='word_1_257' title='bbox 960 3372 1273 3434; x_wconf 79' lang='lat' dir='ltr'>Drsrurarronrs</span> <span class='ocrx_word' id='word_1_258' title='bbox 1298 3391 1447 3435; x_wconf 78' lang='lat' dir='ltr'>suvan-</span> 
     </span>
     <span class='ocr_line' id='line_1_31' title="bbox 412 3455 1450 3542; baseline 0 -22"><span class='ocrx_word' id='word_1_259' title='bbox 412 3476 480 3521; x_wconf 86' lang='lat' dir='ltr'>sos</span> <span class='ocrx_word' id='word_1_260' title='bbox 499 3457 661 3520; x_wconf 63' lang='lat' dir='ltr'>Paucum</span> <span class='ocrx_word' id='word_1_261' title='bbox 682 3458 758 3538; x_wconf 85' lang='lat' dir='ltr'>&amp;e.]</span> <span class='ocrx_word' id='word_1_262' title='bbox 775 3459 812 3519; x_wconf 90' lang='lat' dir='ltr'>ln</span> <span class='ocrx_word' id='word_1_263' title='bbox 826 3456 983 3520; x_wconf 89' lang='lat' dir='ltr'>Versione</span> <span class='ocrx_word' id='word_1_264' title='bbox 1003 3455 1120 3520; x_wconf 89' lang='lat' dir='ltr'>Latina</span> <span class='ocrx_word' id='word_1_265' title='bbox 1135 3455 1262 3519; x_wconf 89' lang='lat' dir='ltr'>Leontii</span> <span class='ocrx_word' id='word_1_266' title='bbox 1276 3456 1450 3542; x_wconf 86' lang='lat' dir='ltr'>Byzantini</span> 
     </span>
     <span class='ocr_line' id='line_1_32' title="bbox 410 3540 1448 3628; baseline 0 -22"><span class='ocrx_word' id='word_1_267' title='bbox 410 3542 453 3605; x_wconf 83' lang='lat' dir='ltr'>ad</span> <span class='ocrx_word' id='word_1_268' title='bbox 469 3563 544 3628; x_wconf 83' lang='lat' dir='ltr'>pag.</span> <span class='ocrx_word' id='word_1_269' title='bbox 560 3548 629 3606; x_wconf 84' lang='lat'><strong>636.</strong></span> <span class='ocrx_word' id='word_1_270' title='bbox 645 3543 725 3606; x_wconf 91' lang='lat' dir='ltr'>tomi</span> <span class='ocrx_word' id='word_1_271' title='bbox 740 3541 871 3605; x_wconf 90' lang='lat' dir='ltr'>secundi</span> <span class='ocrx_word' id='word_1_272' title='bbox 885 3545 1016 3605; x_wconf 82' lang='lat' dir='ltr'>Auctor.</span> <span class='ocrx_word' id='word_1_273' title='bbox 1031 3540 1171 3605; x_wconf 77' lang='lat' dir='ltr'>Bibliotlr</span> <span class='ocrx_word' id='word_1_274' title='bbox 1189 3543 1254 3606; x_wconf 88' lang='grc' dir='ltr'>ΡΡ.</span> <span class='ocrx_word' id='word_1_275' title='bbox 1268 3541 1371 3606; x_wconf 87' lang='lat' dir='ltr'>Paris.</span> <span class='ocrx_word' id='word_1_276' title='bbox 1387 3542 1448 3606; x_wconf 91' lang='lat' dir='ltr'>hu·</span> 
     </span>
     <span class='ocr_line' id='line_1_33' title="bbox 406 3626 1451 3714; baseline 0.001 -23"><span class='ocrx_word' id='word_1_277' title='bbox 406 3627 503 3712; x_wconf 88' lang='lat' dir='ltr'>jusce</span> <span class='ocrx_word' id='word_1_278' title='bbox 526 3628 700 3713; x_wconf 86' lang='lat' dir='ltr'>fragmenti</span> <span class='ocrx_word' id='word_1_279' title='bbox 725 3628 769 3691; x_wconf 88' lang='lat' dir='ltr'>sic</span> <span class='ocrx_word' id='word_1_280' title='bbox 792 3650 826 3690; x_wconf 91' lang='lat' dir='ltr'>se</span> <span class='ocrx_word' id='word_1_281' title='bbox 851 3628 949 3692; x_wconf 89' lang='lat' dir='ltr'>habet</span> <span class='ocrx_word' id='word_1_282' title='bbox 971 3626 1089 3705; x_wconf 81' lang='lat' dir='ltr'>index,</span> <span class='ocrx_word' id='word_1_283' title='bbox 1104 3626 1281 3714; x_wconf 64' lang='lat' dir='ltr'>Corffatatio</span> <span class='ocrx_word' id='word_1_284' title='bbox 1304 3651 1343 3692; x_wconf 78' lang='lat' dir='ltr'>es:</span> <span class='ocrx_word' id='word_1_285' title='bbox 1359 3629 1451 3692; x_wconf 84' lang='lat' dir='ltr'>Actis</span> 
     </span>
     <span class='ocr_line' id='line_1_34' title="bbox 411 3710 1449 3791; baseline 0.001 -15"><span class='ocrx_word' id='word_1_286' title='bbox 411 3722 519 3776; x_wconf 82' lang='lat' dir='ltr'>contra</span> <span class='ocrx_word' id='word_1_287' title='bbox 533 3713 670 3777; x_wconf 85' lang='lat' dir='ltr'>Paulam</span> <span class='ocrx_word' id='word_1_288' title='bbox 688 3714 919 3778; x_wconf 67' lang='lat' dir='ltr'>samosatenum</span> <span class='ocrx_word' id='word_1_289' title='bbox 942 3736 961 3776; x_wconf 91' lang='lat' dir='ltr'>a</span> <span class='ocrx_word' id='word_1_290' title='bbox 984 3710 1174 3791; x_wconf 70' lang='lat' dir='ltr'>Malchione,</span> <span class='ocrx_word' id='word_1_291' title='bbox 1193 3714 1307 3776; x_wconf 88' lang='lat' dir='ltr'>Graece</span> <span class='ocrx_word' id='word_1_292' title='bbox 1326 3713 1359 3777; x_wconf 93' lang='lat' dir='ltr'>in</span> <span class='ocrx_word' id='word_1_293' title='bbox 1381 3713 1449 3777; x_wconf 84' lang='lat' dir='ltr'>Co-</span> 
     </span>
     <span class='ocr_line' id='line_1_35' title="bbox 411 3796 1451 3886; baseline 0.001 -25"><span class='ocrx_word' id='word_1_294' title='bbox 411 3796 484 3862; x_wconf 83' lang='lat' dir='ltr'>dice</span> <span class='ocrx_word' id='word_1_295' title='bbox 494 3798 594 3862; x_wconf 87' lang='lat' dir='ltr'>MSto</span> <span class='ocrx_word' id='word_1_296' title='bbox 604 3799 791 3876; x_wconf 87' lang='lat' dir='ltr'>Bodleiano,</span> <span class='ocrx_word' id='word_1_297' title='bbox 802 3802 856 3862; x_wconf 88' lang='grc' dir='ltr'>Ἐκ</span> <span class='ocrx_word' id='word_1_298' title='bbox 868 3803 1004 3863; x_wconf 73' lang='grc' dir='ltr'><strong>101ναύτὲ</strong></span> <span class='ocrx_word' id='word_1_299' title='bbox 1019 3802 1056 3883; x_wconf 83' lang='lat' dir='ltr'>(f.</span> <span class='ocrx_word' id='word_1_300' title='bbox 1066 3801 1166 3881; x_wconf 75' lang='grc' dir='ltr'>αὐτῶν)</span> <span class='ocrx_word' id='word_1_301' title='bbox 1179 3799 1377 3884; x_wconf 67' lang='grc' dir='ltr'>πεπραῖμένοιν,</span> <span class='ocrx_word' id='word_1_302' title='bbox 1386 3801 1451 3886; x_wconf 58' lang='lat' dir='ltr'>apio</span> 
     </span>
     <span class='ocr_line' id='line_1_36' title="bbox 411 3881 1450 3973; baseline 0.002 -26"><span class='ocrx_word' id='word_1_303' title='bbox 411 3881 494 3947; x_wconf 70' lang='grc' dir='ltr'>αὐτοῦ</span> <span class='ocrx_word' id='word_1_304' title='bbox 513 3884 673 3967; x_wconf 91' lang='lat' dir='ltr'>(Paulum)</span> <span class='ocrx_word' id='word_1_305' title='bbox 690 3911 730 3948; x_wconf 84' lang='grc' dir='ltr'>ιια</span> <span class='ocrx_word' id='word_1_306' title='bbox 748 3889 767 3946; x_wconf 76' lang='grc' dir='ltr'>οὶ</span> <span class='ocrx_word' id='word_1_307' title='bbox 786 3884 980 3971; x_wconf 70' lang='grc' dir='ltr'>Μαλαχῖωνος</span> <span class='ocrx_word' id='word_1_308' title='bbox 998 3889 1096 3967; x_wconf 88' lang='grc'><strong>(10010</strong></span> <span class='ocrx_word' id='word_1_309' title='bbox 1112 3886 1215 3949; x_wconf 87' lang='lat' dir='ltr'>codex</span> <span class='ocrx_word' id='word_1_310' title='bbox 1229 3887 1261 3948; x_wconf 92' lang='lat' dir='ltr'>in</span> <span class='ocrx_word' id='word_1_311' title='bbox 1278 3885 1450 3973; x_wconf 89' lang='lat' dir='ltr'>superiori-</span> 
     </span>
     <span class='ocr_line' id='line_1_37' title="bbox 413 3970 1450 4058; baseline 0.003 -26"><span class='ocrx_word' id='word_1_312' title='bbox 413 3970 475 4033; x_wconf 92' lang='lat' dir='ltr'>bus</span> <span class='ocrx_word' id='word_1_313' title='bbox 493 3992 610 4033; x_wconf 91' lang='lat' dir='ltr'>nomen</span> <span class='ocrx_word' id='word_1_314' title='bbox 626 3975 772 4055; x_wconf 84' lang='grc' dir='ltr'>Μαλχιοιν</span> <span class='ocrx_word' id='word_1_315' title='bbox 788 3970 965 4055; x_wconf 87' lang='lat' dir='ltr'>scripserat)</span> <span class='ocrx_word' id='word_1_316' title='bbox 984 3972 1159 4057; x_wconf 74' lang='grc' dir='ltr'>ἁντιῤῥὴσεις.</span> <span class='ocrx_word' id='word_1_317' title='bbox 1197 3970 1294 4034; x_wconf 88' lang='lat' dir='ltr'>Unde</span> <span class='ocrx_word' id='word_1_318' title='bbox 1308 3971 1450 4058; x_wconf 91' lang='lat' dir='ltr'>suspica-</span> 
     </span>
     <span class='ocr_line' id='line_1_38' title="bbox 412 4054 1451 4142; baseline 0.005 -24"><span class='ocrx_word' id='word_1_319' title='bbox 412 4054 483 4131; x_wconf 90' lang='lat' dir='ltr'>bar,</span> <span class='ocrx_word' id='word_1_320' title='bbox 500 4055 589 4120; x_wconf 88' lang='lat' dir='ltr'>Pauli</span> <span class='ocrx_word' id='word_1_321' title='bbox 603 4056 864 4142; x_wconf 90' lang='lat' dir='ltr'>Disputationem</span> <span class='ocrx_word' id='word_1_322' title='bbox 879 4055 966 4120; x_wconf 90' lang='lat' dir='ltr'>illam</span> <span class='ocrx_word' id='word_1_323' title='bbox 982 4056 1131 4120; x_wconf 87' lang='lat' dir='ltr'>adversus</span> <span class='ocrx_word' id='word_1_324' title='bbox 1146 4057 1380 4137; x_wconf 90' lang='lat' dir='ltr'>Malchionem,</span> <span class='ocrx_word' id='word_1_325' title='bbox 1393 4081 1451 4123; x_wconf 75' lang='lat' dir='ltr'>cu·</span> 
     </span>
    </p>
   </div>
   <div class='ocr_carea' id='block_1_3' title="bbox 385 4141 1456 4831">
    <p class='ocr_par' dir='ltr' id='par_1_5' title="bbox 385 4141 1453 4227">
     <span class='ocr_line' id='line_1_39' title="bbox 385 4141 1453 4227; baseline 0.005 -23"><span class='ocrx_word' id='word_1_326' title='bbox 385 4186 387 4191; x_wconf 85' lang='lat'><em>·</em></span> <span class='ocrx_word' id='word_1_327' title='bbox 427 4163 469 4204; x_wconf 86' lang='lat' dir='ltr'>us</span> <span class='ocrx_word' id='word_1_328' title='bbox 481 4141 663 4226; x_wconf 86' lang='lat' dir='ltr'>fragmenta</span> <span class='ocrx_word' id='word_1_329' title='bbox 682 4164 778 4227; x_wconf 87' lang='lat' dir='ltr'>supra</span> <span class='ocrx_word' id='word_1_330' title='bbox 796 4141 946 4206; x_wconf 87' lang='lat' dir='ltr'>attulerat</span> <span class='ocrx_word' id='word_1_331' title='bbox 962 4141 1129 4220; x_wconf 88' lang='lat' dir='ltr'>Leontius,</span> <span class='ocrx_word' id='word_1_332' title='bbox 1146 4141 1295 4206; x_wconf 88' lang='lat' dir='ltr'>insertam</span> <span class='ocrx_word' id='word_1_333' title='bbox 1314 4142 1453 4209; x_wconf 85' lang='lat' dir='ltr'>Concilii</span> 
     </span>
    </p>

    <p class='ocr_par' dir='ltr' id='par_1_6' title="bbox 407 4164 1456 4831">
     <span class='ocr_line' id='line_1_40' title="bbox 407 4164 1453 4316; baseline 0.007 -25"><span class='ocrx_word' id='word_1_334' title='bbox 407 4164 514 4313; x_wconf 74' lang='lat' dir='ltr'>liujus</span> <span class='ocrx_word' id='word_1_335' title='bbox 530 4226 726 4291; x_wconf 86' lang='lat' dir='ltr'>Antiocheni</span> <span class='ocrx_word' id='word_1_336' title='bbox 741 4225 834 4290; x_wconf 87' lang='lat' dir='ltr'>Actis</span> <span class='ocrx_word' id='word_1_337' title='bbox 853 4228 950 4291; x_wconf 87' lang='lat' dir='ltr'>fuisse</span> <span class='ocrx_word' id='word_1_338' title='bbox 971 4249 1045 4290; x_wconf 91' lang='lat' dir='ltr'>cum</span> <span class='ocrx_word' id='word_1_339' title='bbox 1069 4227 1265 4292; x_wconf 90' lang='lat' dir='ltr'>Malchionis</span> <span class='ocrx_word' id='word_1_340' title='bbox 1283 4231 1453 4316; x_wconf 51' lang='lat' dir='ltr'>responsis,</span> 
     </span>
     <span class='ocr_line' id='line_1_41' title="bbox 414 4311 1452 4399; baseline 0 -22"><span class='ocrx_word' id='word_1_341' title='bbox 414 4312 543 4377; x_wconf 86' lang='lat' dir='ltr'>Saeculo</span> <span class='ocrx_word' id='word_1_342' title='bbox 556 4328 665 4378; x_wconf 89' lang='lat' dir='ltr'>autem</span> <span class='ocrx_word' id='word_1_343' title='bbox 679 4311 820 4377; x_wconf 84' lang='lat' dir='ltr'>ecclesiae</span> <span class='ocrx_word' id='word_1_344' title='bbox 834 4327 923 4376; x_wconf 89' lang='lat' dir='ltr'>sexto</span> <span class='ocrx_word' id='word_1_345' title='bbox 938 4312 1095 4377; x_wconf 85' lang='lat' dir='ltr'>Leontius</span> <span class='ocrx_word' id='word_1_346' title='bbox 1111 4314 1245 4399; x_wconf 88' lang='lat' dir='ltr'>scripsit.</span> <span class='ocrx_word' id='word_1_347' title='bbox 1270 4316 1367 4380; x_wconf 90' lang='lat' dir='ltr'>Porro</span> <span class='ocrx_word' id='word_1_348' title='bbox 1380 4336 1452 4380; x_wconf 61' lang='lat' dir='ltr'>om,</span> 
     </span>
     <span class='ocr_line' id='line_1_42' title="bbox 413 4398 1453 4488; baseline 0.003 -26"><span class='ocrx_word' id='word_1_349' title='bbox 413 4418 489 4462; x_wconf 90' lang='lat' dir='ltr'>nem</span> <span class='ocrx_word' id='word_1_350' title='bbox 517 4398 609 4462; x_wconf 85' lang='lat' dir='ltr'>istam</span> <span class='ocrx_word' id='word_1_351' title='bbox 635 4398 897 4484; x_wconf 88' lang='lat' dir='ltr'>disputationem,</span> <span class='ocrx_word' id='word_1_352' title='bbox 922 4413 977 4462; x_wconf 90' lang='lat' dir='ltr'>aut</span> <span class='ocrx_word' id='word_1_353' title='bbox 1000 4399 1126 4478; x_wconf 90' lang='lat' dir='ltr'>saltem,</span> <span class='ocrx_word' id='word_1_354' title='bbox 1174 4414 1273 4464; x_wconf 88' lang='lat' dir='ltr'>artem</span> <span class='ocrx_word' id='word_1_355' title='bbox 1295 4400 1453 4488; x_wconf 88' lang='lat' dir='ltr'>ejusdem,</span> 
     </span>
     <span class='ocr_line' id='line_1_43' title="bbox 412 4421 1454 4572; baseline 0.004 -24"><span class='ocrx_word' id='word_1_356' title='bbox 412 4481 535 4548; x_wconf 86' lang='lat' dir='ltr'>saeculo</span> <span class='ocrx_word' id='word_1_357' title='bbox 548 4485 644 4549; x_wconf 89' lang='lat' dir='ltr'>etiam</span> <span class='ocrx_word' id='word_1_358' title='bbox 661 4505 748 4548; x_wconf 90' lang='lat' dir='ltr'>nono</span> <span class='ocrx_word' id='word_1_359' title='bbox 767 4484 873 4549; x_wconf 89' lang='lat' dir='ltr'>adbuc</span> <span class='ocrx_word' id='word_1_360' title='bbox 887 4484 1040 4564; x_wconf 84' lang='lat' dir='ltr'>extitisse,</span> <span class='ocrx_word' id='word_1_361' title='bbox 1055 4421 1236 4549; x_wconf 80' lang='lat' dir='ltr'>ostenderet</span> <span class='ocrx_word' id='word_1_362' title='bbox 1259 4486 1454 4572; x_wconf 86' lang='lat' dir='ltr'>Freculphus</span> 
     </span>
     <span class='ocr_line' id='line_1_44' title="bbox 414 4569 1454 4657; baseline 0.004 -23"><span class='ocrx_word' id='word_1_363' title='bbox 414 4570 621 4636; x_wconf 66' lang='lat' dir='ltr'>lexoviensis</span> <span class='ocrx_word' id='word_1_364' title='bbox 636 4571 669 4635; x_wconf 90' lang='lat' dir='ltr'>in</span> <span class='ocrx_word' id='word_1_365' title='bbox 687 4569 833 4634; x_wconf 76' lang='lat' dir='ltr'>Chronico</span> <span class='ocrx_word' id='word_1_366' title='bbox 849 4570 934 4657; x_wconf 90' lang='lat' dir='ltr'>apud</span> <span class='ocrx_word' id='word_1_367' title='bbox 949 4583 1031 4634; x_wconf 90' lang='lat' dir='ltr'>tom.</span> <span class='ocrx_word' id='word_1_368' title='bbox 1043 4594 1072 4634; x_wconf 89' lang='lat' dir='ltr'>v.</span> <span class='ocrx_word' id='word_1_369' title='bbox 1084 4569 1235 4634; x_wconf 82' lang='lat' dir='ltr'>Billiatlr.</span> <span class='ocrx_word' id='word_1_370' title='bbox 1248 4573 1337 4635; x_wconf 84' lang='lat' dir='ltr'>Patr.</span> <span class='ocrx_word' id='word_1_371' title='bbox 1352 4575 1454 4638; x_wconf 85' lang='lat' dir='ltr'>Poris.</span> 
     </span>
     <span class='ocr_line' id='line_1_45' title="bbox 416 4654 1455 4756; baseline 0.005 -37"><span class='ocrx_word' id='word_1_372' title='bbox 416 4677 449 4742; x_wconf 86' lang='lat' dir='ltr'>p.</span> <span class='ocrx_word' id='word_1_373' title='bbox 464 4669 533 4720; x_wconf 83' lang='lat'><strong>520.</strong></span> <span class='ocrx_word' id='word_1_374' title='bbox 555 4657 612 4720; x_wconf 91' lang='lat' dir='ltr'>ubi</span> <span class='ocrx_word' id='word_1_375' title='bbox 627 4657 683 4735; x_wconf 88' lang='lat' dir='ltr'>ait,</span> <span class='ocrx_word' id='word_1_376' title='bbox 699 4655 778 4719; x_wconf 77' lang='grc'><strong>1111110</strong></span> <span class='ocrx_word' id='word_1_377' title='bbox 793 4654 952 4744; x_wconf 78' lang='lat' dir='ltr'>dialogum</span> <span class='ocrx_word' id='word_1_378' title='bbox 966 4678 1063 4756; x_wconf 75' lang='lat' dir='ltr'>aspere</span> <span class='ocrx_word' id='word_1_379' title='bbox 1078 4655 1164 4720; x_wconf 80' lang='lat' dir='ltr'>bodie</span> <span class='ocrx_word' id='word_1_380' title='bbox 1178 4669 1295 4736; x_wconf 84' lang='lat' dir='ltr'>extare,</span> <span class='ocrx_word' id='word_1_381' title='bbox 1310 4657 1369 4722; x_wconf 89' lang='lat' dir='ltr'>nisi</span> <span class='ocrx_word' id='word_1_382' title='bbox 1384 4681 1455 4723; x_wconf 91' lang='lat' dir='ltr'>om·</span> 
     </span>
     <span class='ocr_line' id='line_1_46' title="bbox 415 4741 1456 4831; baseline 0.003 -26"><span class='ocrx_word' id='word_1_383' title='bbox 415 4741 543 4806; x_wconf 77' lang='grc'><strong>011101</strong></span> <span class='ocrx_word' id='word_1_384' title='bbox 561 4763 601 4805; x_wconf 87' lang='lat' dir='ltr'>ex</span> <span class='ocrx_word' id='word_1_385' title='bbox 618 4742 823 4829; x_wconf 88' lang='lat' dir='ltr'>Hieronymo</span> <span class='ocrx_word' id='word_1_386' title='bbox 846 4742 932 4808; x_wconf 86' lang='lat' dir='ltr'>idem</span> <span class='ocrx_word' id='word_1_387' title='bbox 954 4756 1092 4831; x_wconf 81' lang='lat' dir='ltr'>scriptor</span> <span class='ocrx_word' id='word_1_388' title='bbox 1110 4742 1348 4829; x_wconf 85' lang='lat' dir='ltr'>desumpsisset.</span> <span class='ocrx_word' id='word_1_389' title='bbox 1393 4744 1456 4810; x_wconf 88' lang='lat' dir='ltr'>Sed</span> 
     </span>
    </p>
   </div>
   <div class='ocr_carea' id='block_1_4' title="bbox 463 4827 992 4902">
    <p class='ocr_par' dir='ltr' id='par_1_7' title="bbox 463 4827 992 4902">
     <span class='ocr_line' id='line_1_47' title="bbox 463 4827 992 4902; baseline 0.002 -10"><span class='ocrx_word' id='word_1_390' title='bbox 463 4845 551 4893; x_wconf 76' lang='lat' dir='ltr'>vos.</span> <span class='ocrx_word' id='word_1_391' title='bbox 570 4847 613 4902; x_wconf 82' lang='lat' dir='ltr'>rr.</span> <span class='ocrx_word' id='word_1_392' title='bbox 930 4827 992 4893; x_wconf 74' lang='lat' dir='ltr'>xla</span> 
     </span>
    </p>
   </div>
   <div class='ocr_carea' id='block_1_5' title="bbox 0 0 2070 5675">
    <p class='ocr_par' dir='ltr' id='par_1_8' title="bbox 0 0 2070 5675">
     <span class='ocr_line' id='line_1_48' title="bbox 0 0 2070 5675; baseline 0 0"><span class='ocrx_word' id='word_1_393' title='bbox 0 0 2070 5675; x_wconf 95' lang='lat' dir='ltr'> </span> 
     </span>
    </p>
   </div>
  </div>
 </body>
</html>
