4092 5675
722 756 774 821 m
798 754 895 821 eun
917 752 1214 821 ostensuri.
1442 770 1482 840 23

454 924 582 991 &ueri
600 924 703 990 Lusit.
723 926 834 1012 paullo
853 926 998 1012 superius
1018 924 1170 989 articulus
1192 934 1266 987 aute
1288 920 1371 1007 λόγον
1391 920 1483 988 deest

447 1011 535 1097 spud
551 1011 681 1097 Nroeplr.
702 1013 872 1080 Sr'aoru.
894 1012 1006 1097 ,χρόνον
1021 1012 1140 1098 Margo
1154 1009 1283 1074 exhibet
1297 1007 1483 1094 eronploris

445 1096 609 1164 lauriani
623 1120 642 1162 s
657 1097 836 1183 Readingio
851 1097 949 1161 allati.
1486 1155 1488 1160 .

460 1225 463 1232 ·
493 1184 570 1247 Ρ..8.
584 1183 607 1247 l.
619 1199 649 1247 5.·
671 1182 900 1266 καταψσῦδτθσα]
913 1182 1138 1258 καταψεύσαθσᾼ
1150 1178 1280 1265 Nicepll.
1295 1202 1370 1244 mox
1383 1178 1483 1260 idem,

446 1267 584 1331 &ulmi
597 1270 643 1332 ris
655 1269 763 1333 σκυτέα
779 1267 826 1331 τᾶν
843 1270 903 1349 μετ’
923 1266 1086 1353 Ἀρτέμωνα
1104 1266 1242 1354 ἀρχηγόν.
1285 1266 1360 1330 Sine
1381 1266 1483 1331 dubio

448 1373 507 1439 pet
530 1369 732 1418 contemtum
757 1356 883 1430 σκοπὸς,
909 1367 947 1417 ut
971 1375 1068 1438 supra
1091 1355 1238 1415 Marcion
1258 1351 1355 1429 ναύτης
1377 1352 1482 1416 dictus

447 1454 508 1503 est
531 1440 702 1503 Srnoru.
719 1495 722 1500 .
738 1440 814 1503 Seii.
827 1440 859 1503 in
877 1440 1080 1503 Ruonours
1097 1436 1296 1523 Fragmentis
1310 1438 1351 1502 ad
1366 1460 1399 1523 p.
1410 1451 1481 1516 ³49.

447 1524 584 1589 Habent
600 1524 694 1589 Godd.
708 1547 840 1612 quoque
856 1522 949 1588 Bodl.
963 1540 997 1587 et
1015 1522 1154 1608 Norfolc.
1166 1522 1301 1588 Θεόδοτον
1316 1524 1362 1586 τὸν
1377 1523 1484 1587 σκυτέα

447 1608 512 1674 hoc
525 1610 638 1674 ordine
652 1611 833 1676 verborum.
871 1610 957 1673 Cum
981 1632 1054 1672 vero
1075 1611 1172 1673 etiam
1194 1607 1275 1672 inira
1293 1608 1334 1672 ad
1357 1630 1433 1695 pag.
1448 1627 1481 1687 9.

446 1694 543 1759 lino.
561 1711 636 1794 post
649 1696 745 1783 hujus
760 1695 920 1761 Theodoti
942 1716 1057 1758 nomen
1079 1702 1126 1757 τοῦ
1143 1698 1205 1777 μετ’
1224 1694 1385 1779 Ἀρτέμωνα
1404 1694 1482 1761 scri·

446 1781 504 1845 bat
525 1781 731 1867 Nroephorus
753 1804 810 1867 pro
831 1788 879 1844 τοῦ
901 1781 1034 1857 σκυτέως,
1049 1780 1174 1845 videtur
1194 1782 1261 1865 ipse
1282 1779 1368 1845 ultro
1388 1802 1482 1846 voees

444 1869 506 1948 μισ
521 1867 686 1953 Ἀρτέμωνα
701 1868 764 1931 hoo
779 1888 909 1953 quoque
923 1866 997 1930 lo'co
1010 1865 1181 1931 addidisse.
1219 1865 1345 1929 Dubito
1361 1882 1483 1945 autem,

446 1974 487 2015 an
505 1955 553 2015 riv
573 1953 679 2015 σκυτέα
701 1974 757 2038 per
774 1966 1007 2037 contemptum,
1023 1969 1059 2017 ut
1075 1953 1217 2038 loquitur
1231 1951 1406 2031 strothius,
1422 1971 1483 2039 po-

446 2038 546 2101 suerit
569 2054 693 2114 auctor,
715 2061 791 2102 eum
815 2039 847 2102 id
870 2053 979 2123 posset
1002 2038 1152 2125 adjicere,
1174 2053 1211 2101 ut
1233 2036 1484 2122 distingueretur

445 2123 636 2188 Theodotus
658 2124 709 2186 hic
727 2125 878 2187 coriarius
898 2146 917 2186 s
937 2123 1094 2209 discipulo
1108 2125 1178 2210 ejus
1191 2123 1364 2187 Theodoto
1379 2139 1485 2210 trape-

445 2210 522 2284 zita,
535 2230 633 2294 quem
654 2208 736 2273 infra
758 2210 941 2273 nominarit.
983 2211 1037 2273 De
1053 2210 1116 2273 boo
1132 2232 1227 2295 porro
1241 2209 1414 2275 Theodoto
1427 2231 1485 2275 co-

445 2294 553 2371 riario,
569 2294 633 2358 sive
652 2295 778 2382 majori,
794 2294 1019 2379 intelligendus
1043 2308 1090 2359 est
1113 2294 1325 2379 Hippolytus,
1346 2294 1401 2379 qui
1423 2297 1484 2360 flo-

446 2401 518 2443 reus
539 2381 602 2443 sub
625 2384 772 2465 tempora
794 2383 911 2466 quibus
934 2379 1034 2443 libelli
1062 2378 1159 2465 hujus
1183 2380 1320 2463 scriptor
1341 2379 1427 2459 vixit,
1450 2382 1483 2445 in

444 2466 606 2565 opusculo
625 2468 739 2529 Contra
754 2468 897 2543 Nouum,
917 2465 1091 2551 discipulos
1112 2466 1213 2529 Noeti
1237 2466 1484 2615 Ρατὲἱὲαεεὶαῃοτ

444 2550 550 2615 dictos
566 2552 669 2615 verbis
685 2552 729 2615 ait
747 2553 781 2616 S.
796 2552 968 2637 Scripturae
983 2551 1029 2615 its
1045 2551 1103 2628 uti,
1119 2550 1290 2637 quemadm
1337 2571 1392 2615 um
1406 2573 1484 2618 usur

444 2637 562 2701 fnisset
574 2638 775 2713 Theodotus,
788 2636 928 2722 ὢτθρωτσν
944 2641 1058 2720 sororgio
1071 2639 1154 2711 ψιλὸν
1171 2636 1363 2721 (Christum)
1381 2639 1484 2718 βουλό·

442 2748 534 2805 μενος.
551 2745 623 2807 cap.
636 2723 679 2786 iii.
698 2736 771 2807 p.=7.
787 2737 867 2787 tom.
881 2723 914 2785 ii.
929 2722 980 2786 ed.
997 2723 1144 2786 Fabricii.

455 2845 459 2848 ·
491 2807 576 2872 lbid.
592 2809 615 2874 l.
628 2822 659 2885 7.
678 2810 727 2872 τὸν
747 2811 875 2895 ἀρχηγὸν
896 2806 943 2888 καὶ
962 2808 1093 2894 πατέρα]
1117 2806 1249 2894 “Quod
1272 2808 1350 2875 dicit
1371 2824 1485 2877 auctor

443 2898 468 2934 “
483 2895 572 2979 apud
587 2897 775 2969 Eusebium,
792 2895 980 2959 defectionis
1001 2895 1086 2959 illius
1104 2895 1211 2958 Deum
1230 2894 1418 2982 abnegantis
1432 2920 1483 2961 ar·

445 2987 468 3018 “
483 2981 661 3045 chitectum
679 3003 716 3044 so
729 2995 893 3067 parentem
911 2979 1142 3063 (Theodotum)
1159 2979 1215 3128 spui
1235 2980 1356 3065 primus
1372 2982 1486 3048 Chris·

444 3073 469 3106 “
484 3080 557 3130 tum
571 3067 693 3130 nudum
710 3088 780 3130 esse
794 3066 959 3130 hominem
975 3067 1120 3144 asseruit,
1134 3087 1173 3131 vo
1188 3065 1246 3143 uit,
1259 3067 1385 3151 opinor,
1398 3068 1485 3134 huno

445 3152 626 3237 “primum
645 3152 727 3216 inter
747 3172 835 3215 mere
851 3150 1065 3230 Christianos,
1080 3152 1143 3216 hoc
1161 3164 1210 3216 est
1225 3151 1426 3219 Christianos
1444 3174 1488 3221 ex·

446 3243 469 3277 ‘⁴
485 3237 638 3323 gentibus
663 3238 784 3323 dogma
810 3236 891 3300 illud
915 3237 1109 3314 asseruisse;
1143 3259 1217 3301 cum
1243 3237 1364 3322 priores
1391 3239 1484 3305 istius

446 3331 469 3363 ‘⁶
486 3322 697 3409 blasphemia*
716 3336 887 3387 assertores
910 3323 977 3387 fere
1001 3323 1064 3386 sub
1084 3322 1267 3386 Christiana
1288 3323 1486 3408 professione

446 3415 469 3449 “
483 3408 687 3473 Judaismum
709 3408 975 3494 propugnariut.”
998 3408 1082 3471 Haec
1097 3405 1211 3470 Rullus
1231 3407 1262 3470 iu
1279 3408 1403 3472 Jud'icio
1417 3410 1485 3475 Ec-

446 3494 553 3558 clesiae
566 3492 688 3558 Cothol.
701 3515 772 3578 cap.
782 3494 827 3557 iii.
861 3514 913 3579 ag.
924 3501 975 3558 26.
984 3516 1004 3556 a
1015 3495 1210 3558 Risimus.
1223 3492 1390 3560 adductus.
1412 3495 1484 3562 Ad-

446 3574 516 3645 daei
519 3580 641 3644 utiliter
657 3579 817 3643 Pesrsonii
833 3515 957 3645 irradio.
971 3581 1078 3666 Ignot.
1091 3591 1175 3665 part.
1187 3578 1220 3642 ii.
1234 3577 1275 3642 ad
1290 3579 1342 3644 fin.
1357 3602 1428 3667 cap.
1439 3597 1471 3649 2.

471 3665 575 3729 ibid.
597 3671 645 3740 τῆς
667 3663 828 3752 lquor-liro
851 3664 1022 3749 ἀποςασίας]
1040 3665 1075 3730 Si
1089 3665 1235 3729 conferas
1255 3664 1335 3750 illud
1354 3667 1485 3734 Petrum

446 3751 725 3814 Antiochenorum
737 3751 769 3813 in
779 3750 932 3835 Synodica
942 3750 1086 3836 Epistola
1095 3749 1181 3835 apud
1190 3750 1359 3814 Eusebium
1368 3751 1485 3819 lib.vii.

446 3857 520 3922 cap.
532 3851 582 3900 30.
596 3835 636 3898 de
654 3836 752 3899 Paulo
768 3838 990 3914 samosateno,
1005 3844 1055 3900 τοῦ
1070 3838 1117 3899 καὶ
1130 3838 1176 3898 τὸν
1190 3836 1263 3899 Θεὸν
1277 3838 1323 3899 τὸν
1336 3843 1421 3900 taur&
1436 3839 1485 3902 nal

447 3923 551 4010 Κύριον
566 3920 738 4006 ἀρνουμένου,
753 3944 828 3985 cum
843 3922 876 3984 S.
890 3923 908 3986 J
913 3921 982 3985 udae
997 3923 1098 3985 verbis
1119 3922 1160 3985 ad
1181 3942 1301 3985 corum.
1312 3934 1342 3985 4.
1357 3922 1407 3986 vix
1422 3923 1484 3988 du·

447 4008 518 4072 bito
546 4007 624 4091 quin
653 4007 826 4084 existimes,
855 4023 1015 4092 receptam
1044 4007 1182 4092 apostoli
1209 4006 1380 4071 lectionem
1412 4009 1487 4076 inde

448 4093 595 4156 nonnihil
612 4093 739 4169 firmari,
756 4107 824 4156 tum
841 4114 914 4157 vero
937 4094 1042 4170 verba,
1058 4093 1085 4156 si
1102 4093 1243 4180 genuina
1265 4093 1339 4171 sint,
1355 4115 1484 4163 causam

447 4179 547 4242 fuisse
565 4192 596 4242 et
617 4179 788 4263 originem,
804 4191 840 4242 ut
861 4185 875 4254 i
895 4179 1053 4264 ἁρνησίθεος
1072 4178 1217 4252 &rosaria
1239 4178 1368 4244 haeresis
1387 4182 1485 4245 Anti-

447 4263 691 4328 Trinitariorum
707 4262 932 4346 appellaretur.
958 4266 1040 4328 Mox
1055 4264 1197 4348 εἰσᾶγονῑα
1211 4286 1270 4350 pro
1286 4265 1394 4329 εἰπόντα
1407 4268 1485 4332 scri·

447 4349 536 4412 bitur
556 4351 594 4431 in·
610 4350 709 4413 codice
723 4348 862 4498 Nopfolc.
879 4349 923 4413 ibi
938 4371 1012 4414 vero
1027 4350 1118 4413 vertit
1133 4351 1278 4429 Rufinus,
1292 4352 1347 4437 qui
1365 4355 1485 4436 primur

449 4435 564 4498 Romae
585 4457 677 4498 ousiis
698 4447 743 4498 est
788 4435 871 4499 icere
891 4452 1004 4518 purum
1026 4434 1176 4500 hominem
1186 4436 1293 4522 fluisse
1316 4437 1485 4505 Christum.

448 4519 578 4583 Deinde
593 4518 717 4582 αἰτὲὅαλε
733 4541 791 4605 pro
808 4519 952 4584 αἰτέὸαλλε
967 4521 1044 4584 MS.
1060 4519 1200 4606 Norfolc.
1217 4537 1250 4585 et
1265 4521 1395 4605 Neceplr.

495 4602 577 4667 Ibid.
593 4604 616 4668 l.
629 4611 679 4667 26.
699 4606 863 4686 Ὺτομνήσω
898 4614 943 4668 οῦν
958 4608 1085 4680 πολλοὺς
1101 4607 1173 4691 bro]
1192 4610 1278 4670 Inter
1292 4605 1374 4670 hanc
1389 4621 1485 4694 atque

446 4689 587 4775 priorem
608 4695 685 4778 ῥῆσιν
700 4691 808 4777 posuit
827 4631 933 4772 verba,
947 4714 1020 4778 quae
1039 4706 1227 4780 sequuntur,
1243 4692 1412 4775 Eusebius,
1426 4696 1486 4791 Kal

947 4789 999 4842 04
1490 4809 1492 4813 ’
