4092 5675
701 765 754 839 IN
776 769 1011 841 SYNODUM
1031 764 1395 840 ANTIOCHENAM.
1497 790 1569 880 ¹523,

521 961 625 1031 ,11311111
642 943 728 1009 νο313
742 944 872 1027 ὁμουσίου
887 942 1109 1009 Antiochenos
1127 956 1254 1031 patres3
1279 942 1348 1030 ipse
1362 956 1469 1016 tamen
1483 946 1572 1025 idem

529 1019 715 1095 Ehrlichius
737 1030 937 1119 symbolum,
954 1030 989 1095 in
1008 1052 1075 1118 quo
1098 1051 1182 1115 saepe
1200 1028 1372 1095 adhibetur
1392 1031 1456 1097 hoc
1475 1054 1572 1099 voca-

495 1119 510 1150 ·
532 1111 659 1195 bulum,
684 1115 717 1180 in
742 1116 846 1197 Actis,
871 1117 919 1182 uti
942 1115 1013 1205 jam
1040 1115 1117 1197 dixi,
1145 1113 1277 1182 Consilii
1301 1115 1453 1267 Ephesini
1481 1118 1573 1207 posi·

521 1214 615 1284 tum,
631 1201 672 1266 ad
692 1202 822 1267 eosdem
837 1216 944 1289 patres
958 1201 1181 1267 Antiochenos
1197 1202 1318 1266 referen
1344 1225 1399 1267 um
1413 1225 1482 1269 esse
1496 1227 1573 1270 cum

533 1287 696 1353 Feverlino
717 1288 853 1353 censuit.
887 1287 965 1354 Vid.
981 1310 1042 1353 nos
1098 1288 1153 1353 ulo
1174 1287 1258 1352 infra
1270 1301 1304 1352 et
1317 1290 1400 1354 Not.
1416 1288 1575 1358 Ehrlichii

532 1372 574 1437 ad
587 1375 617 1457 ξ.
629 1374 670 1439 ix.
694 1374 881 1439 Liberatum
893 1374 1024 1462 quidem
1062 1374 1168 1440 assoni
1180 1373 1221 1438 de
1232 1395 1310 1438 voce
1321 1372 1490 1441 homoousio
1506 1376 1573 1443 dis-

523 1460 738 1525 sertationem
756 1460 916 1547 quandam
931 1460 1068 1526 edidisse
1086 1462 1199 1525 Romae
1218 1481 1306 1525 anno
1325 1461 1471 1541 1755,*cl.
1486 1464 1575 1530 Har·

531 1544 647 1615 lesium
665 1560 847 1618 narrantem
861 1546 973 1627 habes,
985 1548 1020 1612 in
1034 1568 1099 1634 qua
1113 1546 1282 1611 ostendere
1296 1559 1431 1612 conatus
1450 1544 1503 1628 sit,
1517 1571 1574 1615 vo·

532 1652 610 1706 cem,
625 1632 714 1698 illam
729 1631 771 1697 ab
785 1632 1001 1698 Antiochenis
1021 1633 1165 1719 patribus
1207 1632 1395 1719 roscriptam
1410 1634 1460 1699 vel
1476 1655 1573 1722 repu-

531 1716 653 1782 diatam
675 1740 739 1783 non
759 1740 841 1783 esse.
870 1718 947 1786 Vid.
962 1718 1100 1784 Fabricii
1115 1654 1206 1783 Biid
1220 1718 1278 1782 Gr.
1294 1730 1375 1783 torn.
1386 1718 1442 1783 xii.
1454 1715 1490 1820 p'.
1502 1726 1573 1788 568.

524 1803 584 1869 ed.
601 1826 702 1870 novae.
738 1804 794 1869 An
808 1826 881 1871 vero
895 1826 966 1871 rem
979 1806 1061 1872 bene
1077 1804 1214 1893 gesserit
1228 1804 1371 1885 Fassoni,
1385 1804 1511 1873 dubrto.

886 1994 1224 2033 σαι-ψ·-

530 2111 534 2131 *
574 2138 721 2221 Exrnr,
736 2156 775 2205 ut
789 2138 866 2219 dixi,
879 2138 913 2203 in
927 2136 1058 2203 Consilii
1072 2125 1224 2223 Ephesini
1238 2138 1330 2203 Actis
1343 2151 1425 2227 part.
1440 2140 1486 2208 iii.
1501 2165 1531 2209 c.
1542 2151 1574 2211 6.

532 2248 565 2313 p.
581 2241 651 2307 979.
666 2240 747 2292 tom.
759 2226 804 2291 iii.
822 2223 938 2291 Concil.
960 2224 1064 2289 Labb.
1085 2238 1118 2288 et
1141 2222 1285 2289 Cossart.
1302 2226 1457 2312 Cory‘essic
1474 2230 1576 2311 Fidei,

532 2313 583 2400 cuj
589 2336 625 2378 us
640 2314 754 2379 titulus
770 2326 830 2391 est,
843 2310 914 2397 ssepi
928 2316 977 2388 τῆς
991 2310 1215 2399 ἐνανθρυπήσευς
1227 2315 1264 2373 ssi
1279 2316 1343 2375 Θιὲ
1357 2312 1463 2399 Λόγου,
1478 2321 1575 2382 saisiri

531 2406 580 2461 τοῦ
595 2402 716 2508 sraqpis,
731 2398 789 2487 ὄρος
804 2398 959 2461 ἐπισκόπων
971 2405 1026 2461 τῶν
1041 2400 1067 2460 ἓν
1082 2395 1193 2483 Νικαῖᾳ
1206 2397 1403 2481 συναχθέντων
1418 2403 1445 2462 ἐν
1458 2405 1494 2479 ri
1508 2429 1576 2467 συν·

531 2482 591 2571 ὅδῳ·
613 2486 634 2573 ’h
649 2492 759 2560 εκθισις
769 2490 816 2561 τῆς
832 2488 915 2560 αὐτῆς
928 2483 1038 2547 συνόδου
1052 2484 1126 2569 πρὸς
1140 2488 1258 2546 Παῦλον
1271 2485 1460 2565 Quasnam.
1478 2476 1575 2554 'Vide

531 2585 686 2658 praeterea
698 2569 914 2658 Euthymium
926 2569 1133 2655 Zigabenum
1146 2568 1279 2717 Panopl.
1293 2570 1445 2658 Dogmat.
1461 2595 1494 2658 p.
1507 2588 1575 2639 141.

532 2656 583 2722 ed.
602 2658 702 2721 unicae
717 2656 897 2743 Tergovist.
917 2655 1044 2742 synodo
1066 2656 1212 2720 Nicaenae
1259 2677 1298 2719 oc
1318 2658 1509 2756 symbolum
1525 2674 1576 2725 at·

530 2744 737 2809 tribuentem.
783 2742 822 2808 Id
844 2742 950 2828 ipsum
974 2762 1047 2805 vero
1068 2740 1213 2828 patribus
1235 2742 1363 2807 concilii
1379 2744 1577 2829 Antiocheni

531 2829 680 2896 adversus
694 2829 841 2907 Paulum,
852 2850 916 2892 non
927 2826 1055 2916 synodo
1067 2849 1195 2914 magnae
1205 2827 1364 2910 Nicaenae,
1377 2829 1478 2896 Verria
1488 2830 1578 2899 dedit

533 2912 652 3006 Latina
673 2915 838 2982 Theodori
864 2914 986 2979 Peltani
1000 2915 1151 2979 Actarnan
1165 2913 1407 2999 Ephesinararn,
1423 2941 1497 3006 quae
1518 2920 1574 2985 In-

530 3001 684 3089 golstadii
697 3025 782 3067 anno
801 3007 888 3077 1376.
904 3000 990 3066 edita
1003 3014 1064 3065 est.
1101 3000 1201 3066 Index
1216 3000 1301 3066 enim
1316 3016 1377 3083 est,
1394 3003 1418 3069 S
1438 3003 1575 3070 anholant

531 3111 550 3152 a
563 3088 708 3174 patribus
723 3085 923 3152 Antisthenis
944 3086 1063 3150 editum
1083 3086 1229 3151 adversas
1244 3087 1381 3153 Paulam
1396 3028 1574 3167 6111133313-

530 3196 606 3238 nana
628 3172 666 3237 de
688 3170 777 3237 Verbi
801 3171 1028 3237 incarnatione.
1074 3170 1287 3256 Interpretem
1308 3171 1395 3238 hunc
1416 3176 1575 3242 Batonius

523 3273 674 3338 ‘secutus
690 3273 841 3345 tanquam
862 3259 888 3322 si
910 3256 1007 3322 fuerit
1026 3277 1134 3323 verum
1150 3257 1420 3324 Antiochensium
1438 3263 1574 3348 symbo-

530 3344 612 3425 lurn,
627 3345 801 3409 formulam
815 3342 993 3410 Annalibus
1011 3335 1076 3407 suis
1094 3342 1229 3408 inseruit
1244 3343 1285 3407 ad
1300 3365 1375 3410 ann.
1389 3359 1458 3422 272.
1502 3349 1574 3414 Ν3-

532 3455 596 3519 que
616 3430 704 3495 aliud
725 3430 802 3495 fecit
821 3432 915 3497 Joan.
932 3429 1101 3493 Forbesius
1116 3429 1263 3493 [nannet.
1279 3429 1367 3508 Hist.
1385 3431 1490 3496 Theoi.
1505 3433 1527 3498 i.
1543 3447 1574 3500 4.

534 3534 561 3581 1.
576 3518 776 3604 eandemque
796 3538 892 3603 porro
914 3514 1035 3579 eisdem
1057 3506 1201 3600 patribus
1223 3514 1382 3581 vindicam
1404 3538 1575 3605 aggressus

531 3617 581 3668 est
604 3602 716 3689 Steph.
736 3605 839 3668 Lemo
865 3624 953 3666 naeus
972 3601 1044 3665 Van.
1062 3602 1148 3665 Scor.
1163 3613 1244 3665 tom.
1258 3600 1290 3665 ii.
1312 3623 1344 3687 p.
1356 3617 1425 3668 255.
1445 3618 1479 3669 et
1500 3619 1576 3692 post

468 3680 473 3696 ’
531 3711 607 3754 eum
624 3689 826 3755 Christianus
890 3687 1012 3753 oranius
1029 3687 1117 3751 Hist.
1142 3685 1321 3752 Sabelliana
1341 3710 1412 3776 cap.
1428 3689 1474 3773 iii.
1496 3712 1574 3778 pag.

536 3782 707 3855 116-119,
751 3777 875 3840 Verum
896 3774 951 3838 alii
970 3773 1115 3860 plerique
1133 3773 1225 3836 aliter
1247 3787 1423 3854 senserunt,
1445 3797 1484 3841 ex
1504 3776 1514 3841 i
1539 3800 1576 3844 so

533 3884 664 3948 quoque
680 3859 823 3949 Symbola
840 3862 994 3945 persuasi,
1010 3859 1042 3923 in
1064 3880 1130 3945 quo
1153 3859 1251 3922 Filius
1273 3859 1392 3925 dicitur
1412 3883 1481 3926 esse
1500 3799 1576 3929 lieo

533 3946 673 4030 ὁμοέσνος,
695 3947 783 4034 quod
804 3945 933 4034 quidem
956 3945 1147 4009 vocabulum
1170 3945 1289 4009 abhoc
1310 3945 1435 4033 synodo
1454 3970 1493 4012 ne
1518 3972 1576 4014 ua·

533 4055 632 4120 quam
654 4046 842 4120 usurpatum
865 4031 963 4096 fuisse
981 4031 1077 4096 iidem
1097 4031 1342 4110 existimabant3
1366 3971 1520 4121 quicquid
1536 4034 1578 4100 de

533 4121 717 4207 receptione
745 4119 814 4207 ejus
845 4118 1008 4182 docuisset
1041 4120 1268 4204 Lemoynaeus,
1291 4117 1360 4202 ,hoc
1390 4121 1577 4205 symbolum
1610 4178 1612 4181 .

534 4206 574 4270 ad
595 4206 763 4292 opiniones
782 4227 854 4269 suas
874 4203 914 4267 de
938 4203 1027 4267 Pauli
1041 4203 1205 4288 dogmatis
1220 4204 1354 4268 tuendas
1370 4204 1576 4293 detorquens.

533 4294 575 4356 Et
595 4306 682 4357 recte
702 4291 835 4354 omnino
855 4290 1018 4376 Dupinius
1036 4289 1068 4352 in
1085 4287 1236 4353 Biblioth.
1252 4313 1308 4354 sua
1322 4291 1494 4356 Aactarznn
1509 4293 1577 4356 Ec-

534 4377 605 4442 cles.
621 4401 652 4464 p.
668 4391 737 4441 333.
759 4377 810 4440 ed.
831 4379 903 4440 Lat.
925 4388 1022 4462 atque
1044 4374 1272 4439 Tillemontius
1291 4377 1323 4439 in
1341 4377 1429 4440 Hist.
1445 4377 1580 4442 0111311ἱί

533 4463 659 4528 Niciam
678 4477 746 4526 not.
761 4463 803 4525 xi.
822 4462 857 4525 in
881 4465 911 4544 ξ.
930 4475 976 4524 12.
992 4484 1097 4548 neque
1112 4460 1188 4525 huic
1203 4461 1341 4526 concilio
1357 4462 1577 4546 Antiocheno,

533 4550 712 4635 neque'illi
743 4549 828 4634 apud
855 4548 1001 4612 Nicaeam
1032 4547 1156 4623 habito,
1177 4547 1384 4612 tribuendum
1414 4570 1484 4612 esse
1513 4549 1578 4615 hoc

533 4638 687 4720 scripturn
707 4635 912 4699 arbitrantur.
957 4633 1055 4720 Quod
1077 4648 1185 4696 tamen
1202 4634 1399 4720 symbolum,
1416 4650 1454 4699 ut
1470 4635 1578 4700 erudi-

533 4722 648 4789 tissimi
672 4720 862 4808 Langhaenii
886 4721 989 4786 verbis
1015 4733 1087 4784 utar
1114 4719 1145 4782 in
1170 4719 1352 4784 Recensione
1376 4741 1433 4784 sua
1457 4719 1580 4787 inedita
