4092 5675
606 770 669 833 214
938 749 1296 818 ANNOTATIONES

607 921 684 987 MS.
698 921 730 984 in
742 922 871 998 Lucam,
881 921 992 985 codice
1005 922 1216 987 Bibliothecae
1232 920 1450 1000 Coislinianae,
1464 923 1554 988 num.
1565 940 1640 998 ccl.

608 1009 747 1093 signato,
763 1021 796 1071 et
811 1028 872 1071 xv.
888 1007 1006 1070 saeculo
1024 1009 1153 1093 scripto,
1168 1008 1389 1094 apographum
1409 1007 1491 1072 mihi
1512 1007 1639 1094 roganti

608 1094 804 1178 comparavit
819 1092 863 1155 vir
878 1092 991 1155 doctus
1006 1109 1039 1155 et
1058 1110 1203 1158 strenuus
1224 1093 1387 1158 Edvardus
1408 1094 1565 1170 Ellerton‚
1579 1094 1639 1164 So·

606 1179 677 1243 cius
696 1180 796 1243 nostri
815 1178 966 1263 Collegii,
981 1179 1105 1242 Parisiis
1124 1192 1199 1243 tunc
1220 1201 1329 1278 agens.
1368 1178 1490 1244 Eadem
1512 1179 1640 1265 insuper

608 1264 754 1328 Africani
771 1266 803 1328 in
826 1263 1020 1327 bibliotheca
1039 1264 1179 1328 Palatina
1194 1264 1470 1351 Heidelbergensi,
1485 1287 1560 1351 quoe
1598 1263 1639 1328 ri·

607 1349 682 1413 dem
704 1349 828 1414 transiit
847 1350 878 1413 in
893 1350 1093 1427 Vaticanum,
1113 1372 1276 1435 superesse
1290 1351 1445 1428 videntur,
1457 1364 1559 1449 prout
1573 1285 1638 1414 Ξα-

607 1436 738 1522 talogus
758 1436 877 1502 indicat
896 1436 970 1498 MS.
986 1458 1006 1498 a
1021 1434 1106 1498 Frid.
1127 1434 1302 1583 Splburgio
1320 1433 1638 1522 composrtue,cujuo

608 1521 747 1607 catalogi
760 1521 921 1606 exemplar
936 1520 970 1582 in
985 1519 1068 1583 Cod.
1083 1520 1154 1585 Bod
1171 1568 1178 1583 .
1193 1536 1280 1598 2955.
1296 1536 1518 1585 conservatur:
1541 1522 1638 1584 Iem-

607 1623 737 1684 maest,
753 1610 836 1671 “Ex
849 1605 1014 1686 Africano,
1034 1606 1087 1668 De
1108 1605 1306 1691 Genealogia
1321 1608 1352 1670 in
1372 1605 1475 1669 Sacris
1490 1604 1638 1676 Literie.”
1682 1649 1685 1656 ι

607 1692 664 1756 Ad
677 1693 793 1756 MStos
807 1690 897 1777 quod
911 1691 1026 1754 attinet
1041 1691 1069 1753 V
1070 1689 1170 1754 indole.
1184 1706 1218 1755 et
1232 1689 1359 1755 Coislin.
1374 1692 1487 1757 titulus
1501 1689 1639 1778 Ἀφρικίι-

606 1804 652 1843 no
672 1778 704 1841 in
727 1790 865 1877 utroque
888 1776 999 1840 codice
1015 1777 1092 1875 φήσει
1113 1788 1229 1840 nostrae
1247 1778 1394 1862 praefixus
1413 1790 1473 1842 est.
1520 1777 1572 1842 Ita
1591 1776 1638 1840 in·

605 1878 694 1929 terea
708 1864 866 1927 Eusebms
879 1862 911 1925 in
925 1861 998 1926 loco
1009 1884 1077 1948 Jam
1091 1878 1344 1926 commemorato
1359 1862 1399 1926 de
1413 1861 1558 1947 partibus
1571 1861 1638 1948 epi·

604 1949 699 2013 stolae
722 1971 741 2012 a
761 1972 795 2014 se
813 1948 938 2012 omissis
955 1948 1151 2011 mentionem
1166 1946 1261 2011 fecit:
1284 1949 1391 2025 Ἐπειδὴ
1406 1950 1446 2026 δὲ,
1461 1946 1579 2034 iuquit,
1593 1950 1639 2026 nir

599 2036 674 2120 περὶ
695 2041 743 2096 τοῦ
764 2040 868 2119 Χρις-οῡ
885 2030 1067 2117 γενεαλογίαν
1081 2033 1210 2119 διαφόρως
1225 2036 1299 2114 ἡμῖν,
1316 2032 1339 2111 i',
1351 2061 1381 2097 τε
1395 2035 1548 2107 Mar-iacias
1563 2033 1639 2104 itali

606 2124 717 2193 Λοοιιοίς
731 2119 959 2203 εὐαγίελιζόμενοι
980 2117 1210 2205 παραδεδώκασι,
1224 2120 1359 2197 διαφωνεῖν
1372 2145 1403 2182 τε
1417 2119 1572 2201 νομίζοντας
1584 2122 1639 2193 τοῖς

606 2209 736 2279 πολλοῖς
758 2215 819 2285 τῶν,
832 2206 859 2289 δὲ
876 2213 968 2277 ονιςῶν
989 2202 1087 2278 ἕκαςος
1108 2204 1209 2289 ἀγνοίᾳ
1228 2205 1254 2266 τ’
1276 2208 1384 2281 ἀληθεῖς
1405 2208 1587 2289 εὑρεσιλογίν
1603 2208 1640 2279 εἰς

600 2292 667 2365 »soit
681 2290 778 2365 τόπους
791 2290 1021 2372 πεφιλοτίμητα,
1037 2292 1098 2375 φέρε
1112 2288 1158 2367 καὶ
1171 2292 1217 2366 τὴν
1231 2291 1298 2374 περὶ
1314 2289 1422 2353 reiron
1445 2296 1639 2354 mrenbm'im

601 2421 605 2427 .
620 2404 642 2452 ις
655 2404 726 2459 apua
741 2376 840 2463 ιςορίαν
852 2375 1058 2461 rapa-impeiri,
1073 2374 1103 2451 ἢν
1116 2377 1146 2437 δι’
1161 2378 1286 2451 ἐιιιςολῆς
1301 2374 1436 2462 Ἀςιςείδῃ
1450 2377 1568 2460 γράφων
1581 2375 1638 2460 πφδ

599 2461 764 2544 συμφωνίας
785 2468 834 2538 τῆς
854 2463 881 2524 ἐν
900 2466 957 2535 τοῖς
974 2458 1148 2545 εὐαγγελίοις
1169 2461 1362 2545 γενεαλογίας,
1380 2465 1393 2522 ὃ
1414 2466 1506 2546 μιαρῷ
1519 2459 1640 2547 -σφόᾶεν

607 2553 668 2630 ἡμῖν
693 2548 822 2624 δηλαδείς
843 2546 1005 2631 Ἀφρικανὸς
1031 2545 1218 2628 ἐμνημόνευσε·
1256 2548 1307 2620 τοὶς
1332 2547 1382 2627 μὲν
1407 2548 1436 2623 δι’]
1457 2555 1514 2610 τῶν
1539 2554 1639 2610 nutrit

599 2633 685 2712 δόξας
698 2636 732 2707 ὠς
745 2630 778 2696 ἂν
793 2631 898 2712 βιαίους
911 2632 933 2716 ri,
948 2632 1143 2711 διεψευσμένας
1163 2630 1333 2715 ἁπελίγξας,
1350 2630 1380 2707 ἢν
1394 2632 1415 2693 δ’
1429 2633 1513 2706 αὐτὸς
1532 2630 1639 2720 vagul-

603 2733 688 2799 ληφεν
702 2716 815 2802 ίςορίαν,
828 2716 932 2790 τοότοις
949 2720 1041 2789 αὐτοῖς
1059 2715 1227 2799 ἐκτιθέμενος
1247 2721 1303 2791 τοῖς
1324 2718 1453 2802 piperata.
1489 2717 1552 2782 Sed
1565 2739 1639 2817 quo-

602 2803 690 2868 niam
702 2802 882 2867 Matthaeus
896 2813 926 2866 et
941 2802 1044 2866 Lucas
1057 2802 1090 2865 in
1106 2800 1333 2890 mangeliornm
1348 2801 1436 2866 libris
1454 2802 1572 2869 carno
1585 2825 1639 2893 ge·

597 2910 663 2953 ,aas
677 2910 713 2951 ac
727 2887 854 2972 stirpem
869 2887 954 2951 uarie
968 2887 1053 2950 nobis
1068 2887 1274 2966 tradiderant,
1286 2898 1316 2952 et
1328 2888 1501 2972 plurimum
1514 2889 1639 2955 interae

602 2973 766 3038 dissentire
786 2973 879 3059 uulgo
902 2972 1133 3051 existimantur,
1149 2973 1221 3037 adeo
1243 2983 1279 3036 ut
1300 2973 1419 3060 singuli
1428 2973 1582 3060 fideliam
1604 2974 1637 3039 οίι

603 3059 745 3124 veritatis
767 3058 1001 3147 ignorationem,
1015 3057 1120 3122 varias
1140 3080 1244 3122 eoram
1266 3058 1399 3122 locorum
1418 3058 1638 3143 explicationes

596 3145 747 3210 sertatim
761 3143 1004 3232 excogitaverint
1016 3170 1026 3206 .·
1049 3144 1087 3206 de
1101 3143 1149 3207 lais
1165 3144 1362 3208 traditionem
1375 3167 1450 3231 quae
1463 3145 1506 3208 ad
1518 3168 1573 3211 nos
1586 3164 1638 3211 as-

600 3255 664 3320 que
686 3231 816 3296 deducta
835 3241 885 3294 est
904 3245 1122 3315 proponamus,
1143 3252 1236 3316 qaam
1261 3230 1288 3293 is
1308 3230 1346 3293 ele
1367 3230 1543 3379 qaooparda
1566 3242 1639 3297 ante

604 3317 740 3382 dirimas
761 3317 943 3403 Africanas,
965 3316 998 3380 in
1019 3315 1150 3401 epistola
1173 3315 1214 3379 ad
1234 3314 1406 3379 Aristidem
1493 3338 1637 3383 consensu

599 3403 832 3491 evangeiiorum
859 3403 891 3466 in
914 3401 1011 3486 stirpe
1043 3401 1160 3465 Christi
1185 3401 1353 3478 narranda,
1380 3402 1638 3468 commemoravit.

607 3489 665 3554 Uti
685 3489 816 3553 aliorum
838 3488 962 3574 quidem
982 3487 1137 3571 opiniones
1159 3497 1308 3574 tanquam
1329 3485 1481 3550 uiolentas
1502 3497 1533 3551 et
1543 3486 1638 3574 fulto

602 3575 749 3661 confictas
769 3573 934 3669 coarguit:
963 3572 1029 3656 ipse
1049 3596 1116 3636 vero
1138 3595 1234 3658 qnam
1256 3582 1441 3656 compererat
1464 3570 1639 3654 historiam,

604 3660 652 3724 leis
663 3659 758 3746 refert
771 3658 879 3722 aerias.
902 3659 987 3721 Tum
999 3680 1072 3722 vero
1084 3659 1170 3744 apud
1185 3659 1359 3722 Eusebium
1373 3670 1554 3742 sequuntur
1566 3658 1639 3725 dute

601 3747 700 3833 ῥήσεις,
716 3766 794 3831 quas
809 3742 979 3829 posthanc
994 3742 1146 3808 ineditam
1161 3756 1284 3829 partem
1300 3742 1453 3807 allaturus
1468 3764 1553 3807 sum.

648 3833 681 3896 P.
698 3845 764 3894 115.
780 3830 802 3893 l.
817 3844 846 3893 3.
869 3829 1023 3914 ἀρχιερεὺς]
1044 3831 1123 3912 ἱερεὺς
1138 3829 1215 3893 MS.
1232 3828 1360 3892 Coislin.

646 3915 730 3981 Ibid.
747 3915 769 3978 l,
781 3933 811 3993 9.
834 3920 870 3976 rei
884 3914 1032 3978 Ναάοοοιν.
1044 3917 1160 3994 ἀδελφὴν
1173 3918 1220 3991 τὴν
1236 3912 1394 3977 'Emoniia’
1405 3913 1514 4000 ’Aapsir
1527 3915 1641 3998 ἰξαμό-

598 4003 661 4085 ·νοο]
688 4000 866 4066 Ostendere
893 4000 960 4064 vult
986 3999 1169 4077 Africanus,
1197 3999 1283 4063 haud
1311 4021 1392 4084 opus
1417 4020 1487 4062 esse
1513 4001 1643 4066 inserti·

598 4108 666 4150 one
690 4087 838 4150 fictorum
862 4085 1040 4164 nominum,
1062 4091 1161 4171 quum
1188 4085 1309 4171 alioqui
1329 4084 1433 4148 tribus
1453 4085 1642 4151 sacerdota·

600 4171 642 4236 lis
664 4193 739 4234 cum
761 4172 849 4257 regia
866 4193 1010 4235 connexa
1031 4170 1084 4234 sit.
1128 4172 1256 4235 Etenim
1280 4170 1343 4234 hoc
1364 4170 1438 4233 loco
1457 4191 1496 4233 ex
1519 4170 1585 4235 fide
1606 4173 1641 4236 S.

597 4256 775 4341 Scripturas
787 4256 933 4335 traditur,
945 4278 1076 4322 uxorem
1093 4254 1219 4320 duxisse
1233 4257 1398 4319 Aaronem
1413 4256 1641 4322 Elizabetham
1655 4295 1658 4303 ·

600 4341 777 4408 Naassonis
791 4364 944 4406 sororem
989 4341 1186 4428 Epiphanius
1208 4363 1281 4408 uero
1303 4341 1387 4404 male
1408 4340 1641 4427 interpretatus

595 4427 691 4493 -Sacri
705 4427 875 4513 scriptoris
889 4428 994 4506 verba,
1005 4441 1039 4491 et
1053 4429 1122 4526 ipsa
1123 4449 1232 4573 3porro
1246 4427 1369 4505 isthaee,
1385 4426 1417 4490 ni
1431 4424 1538 4505 fallor,
1549 4429 1643 4493 Afri-

596 4515 683 4593 cani,
698 4514 743 4578 ita
757 4535 938 4578 sermonem
949 4512 1107 4590 instituite
1136 4519 1196 4576 νθεν
1210 4516 1268 4599 γὰρ
1279 4520 1297 4589 ἡ
1309 4512 1411 4597 Μαρία
1423 4517 1500 4575 κατὰ
1511 4512 1559 4576 δύο
1571 4513 1640 4600 τρό-

589 4625 665 4674 rmooe
686 4602 823 4684 συγγενὴς
847 4599 986 4685 ἐτύγχανε
1008 4604 1055 4675 τῆς
1076 4597 1245 4676 Ἐλιοᾶἕεε,
1265 4599 1316 4661 ael
1338 4603 1350 4659 ὃ
1371 4594 1503 4672 Ἰάιιοιόος
1527 4598 1642 4678 (frater

595 4684 747 4770 Domini)
772 4685 871 4773 διέφερε
892 4689 925 4773 τῇ
943 4684 1085 4775 ίεμασόνγ,
1108 4686 1242 4774 ἐπειδῆπςο
1264 4683 1356 4762 αἱδνό
1377 4681 1461 4770 φυλαί
1480 4684 1641 4764 ominium
