4092 5675
495 805 561 876 φο
684 787 691 794 ·
837 765 1197 856 anitomnonrs

493 958 584 1045 plici,
598 963 696 1047 quem
715 956 901 1024 Theodosio
919 959 1039 1025 obtulit
1052 973 1086 1025 et
1099 959 1283 1039 Valentino,
1296 972 1333 1024 ut
1347 958 1383 1026 in
1398 960 1536 1026 Annali-

498 1046 553 1111 bus
579 1047 644 1111 suis
666 1060 772 1109 narrat
795 1045 974 1132 Basnagiua
998 1045 1040 1110 ad
1062 1068 1112 1110 an.
1130 1054 1199 1125 269.
1222 1060 1303 1109 114.
1347 1049 1441 1112 Dum
1466 1072 1536 1112 vero

498 1132 609 1197 scribit
627 1132 668 1198 de
690 1146 854 1218 postrema
872 1132 933 1196 hac
953 1131 1079 1221 synodo
1100 1132 1268 1210 Eusebius,
1286 1153 1360 1219 cap.
1375 1148 1428 1211 29.
1444 1149 1537 1197 πλευ·

497 1218 580 1291 salu
593 1217 828 1302 συγκροτηθεῖσης
841 1219 968 1289 orheim
983 1216 1054 1281 ὅσων
1067 1219 1219 1281 ἐπισκόπων
1232 1218 1343 1298 συνὸδυ,
1360 1234 1449 1283 recte
1468 1242 1535 1282 mo·

497 1320 577 1368 nent
591 1304 632 1367 ad
648 1303 863 1367 Athanasium
879 1306 929 1368 De
944 1303 1077 1390 Synodir
1092 1325 1124 1388 p.
1136 1317 1206 1380 757.
1222 1303 1364 1368 editores
1379 1304 1535 1368 Benedic-

499 1389 591 1453 tinia
606 1386 783 1475 Readingio
795 1389 859 1453 huc
875 1389 973 1468 allati,
986 1389 1172 1454 vertendum
1196 1410 1276 1467 esse,
1292 1388 1536 1476 quamplurimo·

499 1491 570 1539 tum
584 1474 801 1561 episcoporum.
845 1475 1014 1561 lidemque
1037 1488 1160 1553 notant,
1175 1474 1296 1538 nullam
1317 1475 1455 1539 fortasse
1472 1474 1534 1539 dis-

500 1561 678 1627 sentionem
707 1562 789 1624 inter
815 1561 977 1625 Hilarium
1003 1582 1072 1624 esse
1096 1575 1130 1623 et
1151 1560 1381 1639 Athanasium,
1406 1582 1536 1625 numero

500 1647 588 1713 enim
602 1647 699 1732 pleno
714 1660 763 1721 70.
780 1661 814 1711 et
828 1660 876 1711 80.
892 1646 956 1711 diei
977 1667 1082 1731 posse,
1104 1646 1160 1732 qui
1182 1648 1467 1732 septuagenarium
1481 1645 1536 1710 ali-

501 1749 582 1821 quot
598 1733 739 1796 numeris
754 1733 923 1796 excedunt.
968 1733 1106 1809 Interea,
1121 1730 1199 1795 dum
1219 1732 1265 1795 ait
1286 1731 1421 1795 Photius
1442 1732 1474 1796 in
1492 1731 1537 1795 E·

501 1818 659 1882 retentatis
674 1840 693 1881 a
708 1818 748 1881 cl.
765 1819 910 1881 Fontano
927 1818 1097 1881 Florentiae
1110 1839 1195 1880 anno
1212 1829 1299 1892 1785.
1338 1819 1458 1881 rimum
1473 1817 1537 1881 edi-

499 1904 553 1982 tis,
568 1904 660 1967 Erot.
673 1902 712 1965 vi.
729 1923 762 1987 p.
773 1916 823 1966 42.
846 1903 979 1968 Paulum
1002 1904 1247 1972 Samosatenunr
1262 1925 1282 1965 a
1297 1839 1537 1989 (1101100111εῲ-

500 1989 617 2074 scopis,
643 1987 732 2074 quod
759 1988 884 2051 nudum
912 1987 1077 2051 hominem
1106 2010 1176 2052 esse
1207 1988 1377 2052 Christum
1408 1988 1537 2065 diceret,

499 2076 750 2139 condemnatum
774 2073 883 2155 fuisse,
902 2074 983 2139 illud
1003 2074 1104 2138 errori
1125 2073 1274 2140 codicum
1296 2074 1537 2139 attribuendum

500 2161 634 2225 videtur.

545 2249 579 2311 P.
593 2259 663 2322 477.
679 2246 702 2309 l.
714 2264 746 2324 9·
768 2245 815 2309 nat
832 2246 962 2330 Παῦλος]
983 2243 1102 2310 Omisit
1116 2243 1309 2331 paniculum
1325 2245 1346 2331 ’i
1364 2244 1538 2322 strothius,

500 2344 539 2396 ut
554 2332 629 2397 edit.
647 2331 752 2417 sapt.
767 2346 800 2395 et
816 2330 1083 2415 Christopltorsoni
1098 2330 1214 2415 interp.
1231 2345 1431 2416 sequeretur.
1468 2331 1539 2393 Hoc

500 2433 611 2482 autem
626 2430 660 2482 et
675 2416 784 2480 omnia
797 2429 873 2502 post
886 2415 1017 2480 nomina
1032 2438 1051 2479 a
1065 2417 1163 2481 Msto
1182 2415 1323 2501 Norfols.
1342 2417 1476 2493 absunt,
1489 2438 1540 2479 us-

524 2526 565 2567 ue
577 2503 655 2568 dum
665 2503 706 2568 ad
717 2502 803 2589 mai
817 2499 962 2601 Μαλχῖων
971 2502 1103 2565 veneris.
1129 2502 1245 2566 Statim
1256 2515 1331 2587 post
1340 2500 1477 2565 Bolus-us
1484 2522 1540 2587 pro

501 2525 641 2653 dolantis
658 2588 758 2653 habet
774 2601 865 2653 vetus
885 2600 1040 2673 1nterpres
1062 2586 1203 2674 Rapiaus,
1217 2602 1314 2685 atque
1331 2590 1467 2673 Εὔτνχὴς
1485 2608 1542 2674 pro

501 2674 643 2760 Εὐτύχιος
658 2674 820 2759 Georgius
837 2672 976 2760 Syncell.
988 2672 1022 2737 in
1037 2672 1290 2760 Chroaographzo
1305 2672 1377 2735 haec
1391 2672 1541 2737 excitans.

545 2758 732 2824 lbid.l.10.
754 2758 908 2843 Ostippo]
930 2759 1030 2823 Hunc
1055 2780 1210 2845 magnum
1234 2758 1329 2822 illum
1344 2757 1540 2845 Gregorium

500 2846 797 2909 Neocaesariensem
812 2866 893 2923 esse,
904 2845 957 2907 cui
971 2844 1145 2909 Theodoro
1159 2866 1277 2907 nomen
1292 2844 1367 2924 fuit,
1380 2845 1542 2909 existimat

499 2929 686 2993 Tillemont.
724 2929 796 2992 Vid.
823 2929 923 2993 Mem.
949 2927 1038 2992 Eccl.
1065 2944 1147 2993 tom.
1168 2930 1207 2992 iv.
1233 2929 1267 2992 in
1290 2930 1393 2995 Paulo
1414 2930 1540 2995 Samos.

499 3013 573 3078 Art.
587 3026 617 3078 4.
644 3013 790 3077 'Etenim
810 3035 849 3076 ex
869 3014 1010 3078 Eusebio
1031 3017 1136 3101 capite
1150 3028 1200 3078 28.
1219 3030 1360 3093 constat,
1376 3037 1540 3080 eumcum

499 3099 597 3164 fratre
616 3099 829 3164 Athenodoro
849 3098 991 3186 synodis,
1007 3123 1080 3186 quae
1102 3101 1251 3164 adversus
1271 3100 1407 3167 Paulum
1425 3123 1543 3166 convo·

498 3185 664 3265 cabantur,
680 3184 870 3250 interfuisse.
915 3186 1013 3248 Porro
1027 3185 1146 3249 eisdem
1165 3185 1331 3270 praefuisse
1345 3208 1434 3265 eum,
1447 3186 1543 3251 tradit

500 3268 665 3338 Maximus
692 3272 723 3334 in
747 3269 917 3334 Collatione
937 3292 1005 3333 com
1024 3270 1187 3335 Theodosio
1208 3271 1364 3359 episcopo
1386 3272 1541 3336 Caesareae

499 3354 675 3444 Bithyniae.
691 3378 746 3443 pp.
761 3363 828 3434 161,
845 3361 910 3418 162.
926 3357 990 3440 Op.
1007 3357 1040 3418 S.
1053 3356 1200 3420 Maximi.
1239 3356 1441 3422 Canonicam
1461 3358 1541 3422 Gre-

500 3442 584 3527 gorii
600 3441 768 3528 epistolam
786 3440 892 3504 statim
907 3456 981 3504 ante
996 3441 1065 3504 haeo
1080 3442 1263 3526 fragmenta
1274 3443 1444 3508 collocavi.
1472 3442 1543 3506 Cae·

500 3541 606 3591 terum
627 3525 750 3591 addidit
773 3527 820 3589 tto
844 3547 900 3588 nus
921 3547 1032 3590 vocem
1053 3526 1226 3613 presbyteri
1248 3541 1325 3614 post
1343 3531 1462 3595 ultima
1485 3551 1542 3593 no·

500 3612 598 3690 mina,
612 3611 776 3676 Malchion
791 3627 823 3675 et
839 3611 964 3674 Lucius.

544 3695 628 3761 lbid.
651 3697 674 3760 1.
696 3709 741 3759 12.
768 3696 1114 3777 ἐπίσκοποι-ἐκκλησίαᾼ]
1136 3697 1294 3763 Notanda
1313 3712 1364 3763 est
1387 3701 1544 3786 imprimis

500 3781 597 3870 hujus
618 3782 762 3868 epistolae
784 3781 960 3866 inscripti0,
982 3803 1054 3867 quae
1078 3803 1142 3844 non
1168 3784 1273 3847 solum
1300 3786 1541 3871 episcoporum,

501 3870 557 3933 sed
575 3869 834 3954 presbyterorum
847 3881 880 3930 et
889 3866 1112 3944 diaconorum,
1123 3881 1221 3953 atque
1234 3869 1314 3934 adeo
1326 3870 1432 3956 plebis
1447 3872 1543 3957 ipsius

501 3974 620 4016 nomen
634 3953 797 4038 praefixum
811 3952 963 4015 continet.
974 3953 1087 4015 eodem
1100 3952 1193 4036 plane
1204 3956 1304 4019 modo
1316 3956 1350 4018 in
1357 3955 1458 4020 Actis
1467 3957 1544 4021 Car·

500 4036 698 4122 {haginensis
722 4036 855 4124 Synodi,
872 4037 924 4100 cui
941 4037 1071 4121 praefuit
1086 4037 1281 4123 Cyprianus,
1300 4062 1371 4104 oron
1394 4041 1429 4105 in
1450 4065 1544 4106 unum

504 4121 695 4206 Carthagine
709 4121 913 4184 corrvenissent
928 4121 1060 4206 episcopi
1071 4121 1215 4206 plurimi,
1228 4148 1298 4189 oram
1310 4126 1503 4214 presbyteris
1515 4137 1544 4190 el

502 4204 648 4281 diaconia,
662 4217 815 4288 praesente
833 4205 928 4268 etium
948 4205 1046 4289 plebis
1063 4207 1203 4273 maxima
1222 4223 1326 4296 porte,
1343 4214 1406 4275 800.
1453 4212 1543 4277 Idem

502 4289 621 4374 legitur
633 4288 665 4350 in
681 4289 829 4352 Concilio
844 4291 1052 4355 Eliberitano.
1074 4295 1284 4360 Vanssrus.
1322 4298 1385 4360 Kal
1402 4297 1545 4362 eramo

503 4375 580 4438 MS.
594 4371 733 4455 Norfolc.
750 4374 806 4436 sed
821 4375 925 4437 minus
940 4389 1026 4459 apte,
1042 4390 1074 4440 et
1088 4378 1119 4442 in
1134 4380 1197 4444 hoc
1213 4383 1328 4447 codice
1342 4385 1544 4470 Φιρμιλλωός

502 4482 576 4524 cum
592 4456 711 4540 duplici
726 4471 746 4517 λ
761 4479 887 4541 semper
902 4461 1061 4525 scribitur.

547 4545 581 4606 P·
593 4553 663 4615 478.
678 4539 742 4602 l.3.
766 4543 847 4621 ὃμὲν
869 4543 1016 4632 ἒπὲςειλεν]
1038 4547 1122 4612 Cum
1143 4549 1334 4636 particulam
1356 4553 1380 4640 ιζ,
1400 4568 1478 4641 post
1495 4554 1543 4636 pir

503 4626 699 4691 exhibuisset
720 4624 767 4721 ed.
792 4625 898 4708 Steph.
921 4650 992 4692 eam
1014 4636 1172 4701 revocavit
1194 4638 1226 4701 in
1249 4659 1374 4724 nupera
1395 4662 1454 4704 sna
1475 4640 1542 4704 edi·

501 4712 590 4778 tione
612 4707 786 4788 Strothrus,
808 4710 1056 4795 suffragantibus
1075 4719 1106 4783 ei
1125 4722 1233 4789 MStis
1256 4726 1375 4790 nostris
1394 4724 1490 4790 Bodl.
1511 4737 1543 4789 et
