4092 5675
733 1208 735 1212 ’
804 1222 1230 1324 MALCHION.
1328 1366 1329 1372 .
1386 1283 1389 1288 -

917 1520 1124 1557 u*-

573 1704 611 1778 S.
635 1702 912 1802 Helorinus,
930 1663 1097 1783 mane
1117 1708 1224 1786 Viris
1240 1708 1465 1811 lllmtribio,

845 1844 1027 1943 cap..lxxi.
1044 1872 1082 1946 p.
1098 1844 1181 1921 160.

498 1972 1358 2103 MALOH10N‚disertissimus-Antiocheno
1374 2007 1537 2089 ecelesia

501 2134 702 2234 presbyter,
734 2134 868 2235 quippe
898 2134 961 2233 qui
987 2134 1027 2209 in
1052 2136 1180 2211 eadem
1204 2137 1294 2210 urbe
1319 2131 1537 2211 rhetoricam

501 2258 756 2333 florentissime
779 2258 962 2351 docuerat,
979 2258 1170 2334 adversum
1194 2258 1349 2333 Paulum
1371 2259 1537 2333 Samosa-

501 2392 643 2472 tenum,
662 2381 725 2479 qui
742 2380 983 2455 Antiocheuae
1000 2381 1161 2456 ecclesiae
1178 2383 1368 2483 episcopus
1385 2381 1539 2482 ²d0gma

502 2504 713 2580 Artemonis
730 2504 961 2597 instaurarat,
977 2502 1272 2605 bexcipientibus
1294 2504 1443 2580 notariis
1465 2504 1540 2579 dis-

501 2627 666 2728 putavit:
696 2628 759 2726 qui
782 2628 946 2729 dialogus
969 2654 1086 2727 usque
1110 2628 1220 2703 hodie
1243 2640 1355 2703 extat.
1406 2628 1478 2702 Sed
1501 2640 1540 2702 et

504 2751 575 2825 alia
608 2752 755 2851 grandis
789 2751 955 2853 Epistola
988 2778 1036 2825 ex
1068 2778 1223 2852 persona
1256 2751 1386 2854 synodi
1416 2753 1462 2827 ab
1495 2778 1540 2825 eo

505 2877 640 2975 scripta
664 2876 709 2950 ad
735 2877 960 2978 Dionysium
987 2889 1024 2950 et
1050 2877 1272 2967 Maximum,
1299 2877 1476 2951 Romanae
1502 2887 1541 2950 et
1562 2950 1565 2957 ,

505 3000 764 3078 Alexandrinae
779 3003 939 3076 ecclesiae
957 3002 1143 3102 episcopos
1161 3000 1341 3101 dirigitur.
1374 2999 1542 3076 cEloruit

506 3125 575 3212 sub
592 3123 746 3199 Claudio
763 3138 800 3198 et
816 3125 1025 3201 Aureliano.

548 3359 561 3388 ⁸
579 3350 722 3410 Eusebius
735 3370 763 3409 v.
777 3351 825 3409 28.
844 3361 985 3409 memorat
1002 3348 1166 3426 oroiiaepa
1182 3349 1288 3407 vetusti
1306 3349 1452 3429 scriptoris
1469 3348 1543 3410 narii

508 3459 552 3523 ris
565 3453 715 3534 Ἀρτίμωιος
728 3459 843 3533 αἶρίσιως
860 3459 1029 3532 πεποιημένοι
1042 3454 1070 3518 ἢν
1084 3450 1161 3520 αὖθις
1182 3459 1194 3511 ὁ
1215 3459 1242 3513 ἔκ
1260 3453 1423 3530 Σαμοσάτων
1440 3458 1543 3520 Παῦλος
1656 3460 1658 3465 ’

508 3556 571 3617 καθ’
591 3562 661 3635 ἡμᾶς
683 3556 882 3619 dimittimini
905 3561 1075 3639 mnrignrm.
1115 3557 1255 3637 Episcopi
1271 3557 1448 3616 Antiocheni
1467 3558 1548 3637 apud.

508 3665 631 3722 cundem
644 3665 752 3724 vineo.
768 3683 834 3742 pag.
846 3664 915 3724 282.
936 3665 971 3722 ds
991 3664 1084 3722 Paulo
1105 3665 1217 3722 Samos.
1238 3662 1274 3742 ogi
1292 3660 1317 3721 a
1337 3661 1453 3743 Ἀςτίμᾳ
1471 3662 1544 3729 οὗτος

508 3774 672 3836 ima-tmen,
686 3769 731 3828 nol
746 3774 769 3826 oi
782 3767 819 3828 roi
831 3766 949 3849 Ἀςτιμᾶ
964 3775 1093 3849 φςοιέιτις
1106 3771 1188 3847 τούτῳ
1200 3763 1398 3827 κοιιόιιίτιισαι.
1431 3767 1547 3826 Facun-

507 3873 559 3932 dus
573 3873 615 3931 iii.
626 3874 655 3931 2.
669 3873 850 3951 Manifestum
865 3882 905 3932 est
922 3876 995 3950 qnod
1013 3875 1204 3932 Somosotenus
1218 3874 1323 3931 Penios
1334 3876 1472 3950 episcopm
1484 3875 1545 3949 qni-

507 3981 566 4037 dem
572 3977 637 4056 fnit
646 3979 822 4038 Antiocheae
834 3981 949 4037 ecelesiae
962 3981 1080 4037 Domini
1092 3982 1161 4048 Dei,
1178 3979 1308 4036 Theodoti
1321 3987 1412 4036 anton
1425 3986 1453 4035 et
1461 3979 1545 4035 Arte·

507 4087 596 4141 monis
608 4101 698 4142 errore
710 4093 852 4160 aegrotom,
867 4087 914 4161 qui
928 4104 1031 4161 porum
1043 4086 1176 4143 hominem
1189 4087 1316 4143 dixeram
1328 4104 1382 4142 esse
1394 4087 1548 4143 Dominum

507 4188 603 4248 Jesnm
618 4189 762 4246 Christum.
804 4189 851 4246 sic
865 4190 1053 4248 Artemonem
1067 4191 1126 4247 sive
1138 4192 1289 4258 Arteman,
1303 4188 1424 4247 Paulum
1444 4190 1546 4247 Samo·

508 4300 642 4350 catenum
656 4301 686 4349 et
698 4292 857 4351 Photiuum
869 4292 948 4351 velut
961 4295 991 4352 iu
1004 4293 1109 4353 horor
1120 4295 1219 4352 eadem
1232 4296 1429 4375 conspirantes
1445 4293 1547 4372 jungit

508 4397 593 4456 Felix
605 4396 664 4455 III.
705 4397 786 4477 Papa
803 4399 834 4455 iu
852 4397 985 4476 Epistola
998 4399 1036 4456 ad
1047 4399 1165 4457 Petrum
1178 4398 1339 4459 Fullouem.
1379 4399 1546 4456 Artemonis

509 4502 632 4560 haeresin
653 4504 831 4582 oppugnavit
851 4503 947 4562 saeculi
964 4502 1081 4563 secundi
1101 4504 1137 4561 ad
1157 4503 1243 4561 finem
1261 4504 1404 4580 vergentis
1424 4504 1548 4582 scriptor

508 4615 591 4664 vetus
613 4607 649 4664 ‹le
669 4627 727 4684 quo
747 4605 889 4666 Eusebius
903 4628 930 4665 v.
944 4607 992 4666 28.
1015 4617 1045 4664 ct
1063 4607 1149 4664 Caius
1171 4606 1246 4684 apud
1265 4607 1401 4664 Photium
1420 4607 1483 4664 cod.
1498 4606 1548 4664 48.

509 4710 595 4779 Pauli
616 4712 797 4784 Samosateni
816 4713 932 4776 heresis
953 4711 1089 4771 damnata
1108 4711 1140 4770 iu
1159 4710 1293 4784 Concilio
1312 4710 1496 4770 Antiocheno
1509 4710 1547 4769 A.
