4092 5675
625 781 686 864 278
957 767 1312 848 ANNOTAT10Nrs

624 959 856 1121 illigi‘ilusii
867 947 1649 1110 'lalltllsstl02tltlfsstlmm0llt

625 1140 750 1183 menses
765 1119 841 1198 duo,
856 1120 990 1184 exclusis
1007 1119 1070 1184 illis
1087 1119 1255 1206 Dyuastiae
1273 1117 1429 1184 vicesimae
1443 1129 1570 1206 quartae
1581 1130 1648 1198 990.

611 1222 701 1267 'nam
715 1225 841 1269 summa
853 1226 917 1269 non
931 1220 991 1283 est,
1005 1218 1041 1268 ut
1054 1204 1107 1268 hic
1121 1204 1295 1291 colligitur,
1312 1213 1396 1267 1050'.

670 1290 704 1352 Ρ.
721 1302 785 1366 149.
799 1289 821 1353 l.
837 1303 883 1365 17.
904 1289 1004 1377 Μέχρι
1029 1293 1109 1353 τῶνδε
1130 1294 1254 1353 Marsua
1272 1289 1344 1372 dte]
1361 1285 1500 1353 Addidit
1520 1285 1649 1352 verbum

626 1373 779 1523 stat
797 1373 1248 1524 lirwl‘l‘wnlmsslm·
1277 1370 1649 1524 ,essentitatis

627 1565 717 1607 mum
733 1481 941 1630 llfllgpiptiriiiu
964 1482 1031 1609 xiiii
1054 1480 1298 1630 poslleultimlirom
1326 1543 1463 1608 Persam.
1510 1540 1650 1628 Scaliger

626 1649 724 1713 porro
745 1629 777 1693 in
797 1631 880 1713 Ἱςορ.
898 1630 1052 1715 Συναγωγ.
1068 1642 1142 1714 post
1153 1628 1285 1704 eandem
1301 1627 1494 1714 Dynastiam
1510 1624 1652 1691 Africani

626 1714 819 1778 tricesimam
838 1714 907 1778 haec
921 1714 1031 1793 edidit,
1046 1712 1123 1788 Ἕως
1143 1712 1191 1776 ὦδε
1210 1718 1346 1787 Μανεθώς
1366 1716 1417 1788 τὰς
1437 1710 1498 1776 λα’.
1517 1709 1653 1786 Maenia

628 1798 762 1882 Αῖγῦπῖου
772 1798 962 1885 περιέγραψεν
975 1804 1005 1880 ἐξ
1021 1805 1094 1885 ἱερῶν
1108 1797 1234 1878 titillor·
1256 1803 1294 1862 rol
1308 1799 1334 1861 li
1346 1802 1419 1878 μετὰ
1431 1804 1527 1862 ταῦτα
1539 1799 1572 1876 ἒξ
1584 1799 1652 1860 Ἑλ·

628 1891 742 1959 ληνικῶν
755 1883 938 1969 σηῐραφέων.
961 1885 1008 1949 Αι
1020 1906 1094 1949 vero
1108 1884 1178 1948 haeo
1236 1883 1298 1948 tius
1309 1882 1350 1947 ad
1365 1882 1448 1947 hanc
1462 1881 1652 1969 Dyuaatiam

627 1968 797 2051 pertinent,
815 1969 871 2033 ubi
888 1969 1031 2055 Scaliger
1052 1970 1120 2055 ipse
1141 1968 1182 2033 ad
1206 1968 1274 2048 'dit,
1287 1974 1387 2032 Ταῦτα
1403 1974 1452 2031 τοῦ
1469 1965 1566 2054 rplroo
1585 1965 1654 2048 elau

627 2056 761 2117 Μανεθῶ.
796 2055 894 2118 Porro
907 2055 973 2133 illa,
985 2058 1033 2118 Ta
1047 2056 1074 2118 δὲ
1088 2059 1162 2138 μετὰ
1175 2061 1267 2121 ταῦτα
1281 2080 1310 2122 κ.
1319 2079 1348 2117 τ.
1358 2066 1389 2119 λ.
1402 2052 1579 2118 Africanus
1592 2051 1654 2118 for·

627 2148 711 2205 tasse
725 2137 766 2204 de
780 2160 840 2203 suo
855 2139 935 2205 dixit
949 2161 1055 2232 opere.

1102 2485 1181 2550 XII.

672 2654 757 2718 lbld.
771 2654 793 2718 l.
808 2668 857 2717 22.
880 2654 935 2716 Ἐκ
954 2657 1002 2730 τῆς
1019 2659 1104 2735 φυλῆς
1116 2662 1165 2717 τοῦ
1183 2653 1249 2737 Erip
1264 2652 1338 2736 &c.]
1356 2652 1395 2715 ln
1417 2647 1554 2716 Schedlfl
1575 2647 1656 2714 Gn·

629 2737 741 2818 bianis,
756 2738 925 2824 dequibus
940 2739 972 2802 in
988 2739 1176 2804 Praefatione
1190 2738 1266 2819 dixi,
1281 2738 1344 2802 hoc
1359 2733 1505 2809 Africani
1520 2733 1660 2885 descerrig

628 2835 698 2887 tum
721 2840 771 2890 est
791 2825 1020 2910 fragmentum,
1035 2825 1088 2889 cui
1109 2824 1239 2911 quidem
1258 2822 1410 2911 praemisit
1431 2820 1547 2887 isthaec
1567 2844 1586 2885 v

628 2909 785 2988 Grabius3
798 2910 868 2972 “ln
883 2908 1047 2973 Chronico
1061 2911 1230 3008 Symeonis
1244 2909 1448 2996 Logothetae,
1459 2904 1550 2993 quod
1560 2903 1659 2970 modo

629 2999 679 3057 “t
703 2995 751 3080 pis
766 2994 934 3058 mandatur
955 3016 993 3057 ex
1016 2996 1119 3080 Regio
1136 2994 1218 3059 Cod.
1235 3017 1309 3061 cum
1324 2993 1531 3069 translatione
1545 2990 1661 3055 latina

628 3084 651 3117 “
667 3019 854 3144 dombefisii
873 3079 958 3143 hunc
974 3079 1119 3142 Africani
1137 3079 1247 3145 locum
1264 3079 1376 3166 reperi,
1391 3078 1447 3165 qui
1465 3075 1555 3162 apud
1576 3076 1599 3140 S
1644 3110 1660 3125 ·

630 3164 783 3229 “cellum
800 3187 863 3227 non
878 3164 1050 3229 occurrit.²’
1086 3166 1137 3228 lta
1150 3166 1280 3252 quidem
1296 3163 1446 3239 Grabius,
1462 3161 1519 3249 qui
1539 3183 1586 3225 nu
1628 3180 1660 3223 m

629 3248 921 3335 interpretationem
939 3249 1036 3337 hujus
1055 3250 1154 3336 ῥήσεως
1168 3251 1315 3315 Latinam
1331 3247 1468 3346 adjecit3
1493 3245 1661 3311 vehemen-

630 3346 743 3420 terque
766 3334 890 3413 dubito,
915 3347 1022 3399 utrum
1044 3335 1107 3398 hoc
1129 3336 1234 3420 ipsum
1256 3334 1453 3411 Chromcon,
1476 3331 1527 3395 vel
1548 3330 1662 3396 saltem

630 3440 702 3503 pars
717 3419 830 3486 isthaec
843 3420 960 3504 operis,
973 3419 1014 3482 ad
1029 3419 1114 3483 hunc
1129 3442 1231 3507 usque
1245 3420 1329 3484 diem
1345 3417 1430 3507 typis
1443 3437 1599 3481 excusum
1613 3414 1664 3480 fu-

630 3504 702 3581 crit,
718 3504 836 3590 quippe
856 3504 944 3588 quod
967 3503 1053 3567 idem
1070 3504 1194 3569 videtur
1214 3527 1283 3569 esse
1303 3516 1399 3591 atque
1412 3501 1556 3567 Annales
1577 3499 1624 3566 illi
1644 3522 1664 3563 a

632 3585 779 3653 Fabricio
800 3589 833 3656 in
853 3587 1004 3652 Biblioth.
1027 3590 1084 3653 Gr.
1105 3590 1166 3653 vol.
1182 3590 1221 3654 vi.
1242 3612 1274 3675 p.
1293 3603 1358 3654 158.
1381 3587 1494 3673 primae
1514 3584 1596 3651 edit.
1615 3584 1664 3650 hia

633 3674 734 3736 verbis
748 3674 1013 3738 commemorati:
1042 3680 1064 3712 “
1079 3674 1236 3739 Simeonis
1256 3673 1407 3759 Magistri
1422 3686 1455 3737 et
1468 3670 1666 3757 Logothete

632 3763 655 3809 -“
670 3757 854 3822 Chronicon
868 3757 1040 3822 collectum
1055 3780 1094 3822 ex
1108 3760 1199 3823 variis
1215 3758 1384 3824 Chronicis
1399 3771 1432 3822 et
1445 3757 1615 3835 Historiis,
1625 3754 1666 3819 ab

632 3849 656 3882 “
672 3843 799 3909 Adamo
815 3843 970 3929 usquead
986 3842 1234 3908 Constantinum
1255 3843 1669 3930 Porphyrogenitum.--·

633 3928 786 3993 “Codex
806 3929 882 3992 MS.
904 3928 1002 4014 Regis
1025 3927 1298 4008 Christianissimi,
1342 3949 1384 3993 uo
1408 3950 1484 3991 usus
1506 3939 1558 3993 est
1582 3926 1669 3991 Can·

635 4013 747 4099 “gius
766 4013 799 4076 in
813 4013 977 4077 Glossario
992 4015 1109 4077 Graeco
1131 4014 1278 4102 notisque
1361 4014 1522 4077 Zonaram
1543 4024 1581 4078 et
1599 4010 1670 4076 aliis

635 4103 658 4136 “
672 4099 704 4160 in
727 4099 872 4183 scriptis3
894 4096 1008 4162 desinit
1023 4098 1056 4161 in
1072 4100 1182 4163 Leone
1196 4097 1351 4163 Armenio
1366 4120 1442 4163 cum
1456 4096 1670 4185 Theophane,

636 4187 659 4221 “
674 4183 726 4244 cui
742 4183 773 4244 in
785 4182 895 4247 multis
910 4183 1101 4248 consonat.’²-
1136 4186 1233 4248 Porro
1248 4183 1338 4247 exiis
1354 4205 1426 4268 quae
1442 4195 1557 4268 postea
1570 4181 1672 4268 scrip·

636 4266 679 4330 sit
694 4266 855 4331 Fabricius
869 4268 910 4332 ad
924 4289 955 4352 p.
969 4283 1038 4331 352.
1054 4267 1156 4355 ejusd.
1171 4269 1233 4332 vol.
1251 4280 1376 4332 constat
1395 4282 1521 4352 partem
1536 4278 1671 4331 tantum

637 4350 846 4436 posteriorem
859 4353 1024 4431 Chronici,
1034 4353 1123 4439 quod
1135 4354 1273 4417 Grabius
1285 4365 1528 4433 commemorat,
1538 4373 1559 4415 a
1570 4350 1674 4416 Com·

636 4434 748 4500 befisio
762 4434 858 4499 fuisse
871 4437 954 4501 inter
965 4435 1141 4523 Scriptores
1154 4454 1228 4523 post
1238 4438 1467 4523 Theophanem
1482 4458 1568 4501 anno
1584 4442 1673 4501 1685.

637 4521 768 4585 editam.
797 4520 934 4585 Videtur
948 4544 1028 4607 ergo
1042 4523 1180 4587 Grabius
1193 4523 1257 4587 hoc
1271 4537 1398 4589 tantum
1412 4523 1492 4587 velle
1506 4520 1627 4600 dicere,
1639 4542 1674 4585 se

636 4606 671 4669 in
693 4605 856 4704 Chronico
874 4607 1041 4704 Symeonis
1062 4608 1336 4707 Africani'locurn
1359 4609 1523 4707 reperisse.
1565 4606 1676 4671 Caete·

638 4711 710 4755 rum
730 4689 869 4777 plurima
891 4714 925 4756 rn
946 4690 1009 4758 hoc
1031 4693 1212 4792 fragmenta
1232 4706 1333 4789 muta
1355 4693 1425 4759 alus
1443 4691 1577 4759 exhibet
1599 4712 1676 4759 cum
