4092 5675
502 778 567 853 350
839 762 1199 832 Annornrrouns

502 927 650 1002 ediderat
663 938 739 999 κατὰ
753 938 791 998 τὰ
804 934 906 1022 pond.
922 935 967 1012 ἔτη
981 942 1031 998 τοῦ
1046 935 1162 1017 κόσμου.
1206 934 1311 1021 Supra
1325 933 1390 1020 pto'
1399 932 1471 1021 περὶ
1485 932 1545 1000 1111.-

505 1023 604 1087 bebat
624 1020 764 1109 Syncelli
785 1033 891 1086 textus
913 1020 998 1085 facili
1018 1043 1125 1085 errore
1143 1023 1241 1106 magni,
1256 1040 1353 1106 quem
1369 1019 1544 1085 emendant

504 1109 645 1185 Goarus,
660 1106 814 1192 Scaliger,
829 1107 1036 1275 serifrtipup.it
1057 1190 1200 1274 scaliger
1221 1188 1255 1253 in
1276 1188 1350 1254 ¹⁰oe
1367 1189 1440 1289 jam
1461 1157 1542 1255 indi..
1553 1223 1556 1227 .

549 1193 665 1271 P.193.
680 1190 704 1256 l.
719 1205 750 1256 4.
775 1194 937 1267 cotemnit.

504 1289 601 1356 eato;
625 1285 646 1318 ‘⁴
661 1276 802 1342 Causam
824 1276 921 1364 hujus
940 1276 1106 1341 sententiae
1127 1273 1271 1339 Affieani
1288 1274 1497 1339 reddrdrmus.
1509 1276 1540 1340 in

503 1370 527 1401 ‘⁴
543 1362 642 1428 Notis
656 1361 697 1427 ad
713 1362 880 1427 Canonem
899 1365 944 1447 (p.
961 1364 1055 1442 171),
1069 1359 1126 1425 ubi
1147 1359 1358 1438 ostendimus,
1398 1360 1540 1425 uomodo

503 1455 528 1488 “
542 1448 596 1513 alii
617 1450 731 1513 eodem
753 1471 837 1513 anno
857 1467 923 1535 quo
945 1446 1122 1533 baptisatus
1141 1445 1215 1522 fuit,
1228 1467 1357 1531 passum
1416 1445 1480 1509 ‘sse
1492 1444 1539 1509 di-

503 1539 528 1574 “
541 1547 631 1613 eunt,
646 1533 699 1598 alii
712 1555 797 1598 anno
812 1546 963 1620 sequente
977 1544 1108 1618 propter
1121 1531 1189 1595 duo
1202 1530 1259 1609 ἔτη,
1272 1532 1305 1593 τὸ
1322 1532 1374 1612 μὲν
1392 1532 1538 1610 8111τό1,τὸ

505 1625 527 1659 “
542 1620 570 1683 δὲ
592 1618 810 1703 inrumperet.
833 1640 905 1705 quae
927 1618 1039 1683 frivola
1060 1630 1095 1681 et
1114 1616 1247 1702 puerilia
1264 1614 1341 1680 alibi
1361 1616 1537 1680 confutari·

504 1710 528 1744 “
543 1705 651 1768 mua.”
687 1705 737 1768 lta
759 1704 912 1789 Scaliger.
954 1704 1007 1768 De
1028 1702 1090 1767 hae
1115 1715 1223 1765 autem
1245 1700 1441 1787 questione,
1467 1722 1538 1765 cum

504 1789 626 1875 aliquid
641 1788 704 1852 hue
719 1790 879 1875 pertinens
896 1788 938 1853 ad
959 1789 1202 1852 Munruounu
1218 1787 1325 1850 vol.·l.
1340 1807 1375 1872 p.
1392 1792 1461 1850 136.
1483 1808 1538 1851 no·

503 1874 650 1952 teverim,
664 1886 790 1938 tantum
810 1873 874 1938 hoo
893 1873 968 1939 loco
988 1874 1116 1951 addam,
1132 1872 1254 1972 opponi
1267 1892 1363 1957 posse
1377 1870 1479 1936 debili
1490 1894 1537 1948 ar·

504 1971 677 2064 gumento,
698 1981 764 2045 quo
790 1959 920 2024 unicum
945 1959 1182 2046 praedieationrs
1204 1978 1325 2030 annum
1350 1978 1414 2046 pro
1438 1958 1536 2021 terri

505 2067 562 2118 πος
576 2044 669 2108 ὃικτὸν
679 2044 886 2131 colligebant,
897 2050 936 2110 τὰ
945 2044 1012 2132 τρία
1024 2044 1070 2123 ἔτη
1083 2043 1254 2109 dominioae
1264 2043 1365 2108 vineae
1377 1977 1538 2108 21le

498 2141 776 2211 commemorate,
789 2151 862 2219 cap.
874 2130 939 2196 xiii.
955 2128 1109 2220 evangelii
1120 2150 1240 2195 comm.
1255 2140 1286 2204 7.
1326 2173 1329 2179 ·

981 2423 1059 2488 LII.

546 2591 631 2658 Ibid.
646 2594 669 2657 l.
685 2608 731 2658 11.
753 2592 794 2657 ὅτι
815 2592 882 2680 oapi
899 2591 987 2680 τότε]
1007 2589 1095 2659 Hine
1110 2590 1206 2678 paulo
1221 2587 1377 2656 vetustior
1391 2587 1536 2654 statuitur

505 2676 670 2756 Clemens,
685 2700 782 2765 quam
802 2691 859 2744 aut
878 2678 995 2744 Cavius
1014 2678 1150 2757 censuit,
1166 2676 1222 2764 qui
1241 2677 1274 2739 in
1291 2673 1380 2740 Hist.
1396 2674 1536 2742 111111)-

502 2764 603 2827 ruisse
617 2784 693 2828 eum
708 2763 753 2829 ait
767 2764 808 2828 ab
822 2786 895 2828 ann.
912 2778 967 2845 192
975 2789 986 2846 3
1009 2787 1075 2853 quo
1090 2784 1174 2828 armo
1190 2760 1395 2827 Commodus
1414 2760 1537 2826 occisus

499 2859 574 2928 est3
594 2861 650 2912 aut
673 2849 783 2914 scribit
808 2849 841 2913 S.
863 2849 1096 2937 Hieronymus,
1119 2849 1175 2937 qui
1195 2849 1229 2913 in
1251 2846 1323 2915 Lib.
1343 2847 1397 2911 De
1416 2846 1535 2912 Illustr.

505 2931 605 2998 Viris.
620 2932 765 2997 similiter
785 2935 906 3020 posuit,
920 2935 1065 3000 floruisse
1083 2935 1284 3000 Clementem
1300 2933 1408 2998 Severi
1423 2946 1457 2997 et
1470 2933 1537 2997 An·

502 3015 606 3082 tonini
631 3016 686 3082 filii
705 3016 775 3106 ejus
798 3019 1017 3105 temporibus3
1043 3021 1099 3108 qui
1123 3020 1254 3108 quidem
1277 3019 1414 3084 Severus
1437 3017 1536 3082 Com·

502 3100 607 3201 modo
617 3101 652 3200 in
666 3103 800 3190 imperio
816 3106 979 3171 successit.
1007 3105 1170 3172 Caeterum
1185 3127 1257 3172 raro
1269 3103 1459 3193 praepositio
1474 3103 1536 3190 περὶ

499 3188 895 3277 procumteradhibetun
1316 3194 1322 3205 ’

973 3501 1068 3566 Llll.

546 3668 630 3735 lbid.
655 3669 677 3734 l.
704 3682 751 3734 18.
779 3670 927 3754 'separavit
954 3668 1100 3761 *Αὲγαρον
1127 3670 1202 3755 &c.]
1233 3671 1307 3734 Hoc
1335 3691 1402 3734 non
1433 3670 1536 3735 solum

499 3755 667 3841 Georgius
692 3755 859 3841 Syncellus
882 3757 1025 3836 servavit,
1039 3754 1093 3820 sed
1108 3769 1141 3820 et
1158 3756 1316 3821 Eusebius
1330 3755 1363 3818 in
1379 3755 1535 3835 Chronica,

500 3841 534 3905 in
550 3863 616 3928 quo
638 3839 677 3904 ad
699 3861 772 3904 ann.
796 3841 934 3926 primum
958 3841 1090 3939 Olymp.
1104 3854 1175 3920 249.
1196 3841 1268 3905 haec
1285 3840 1433 3928 adposita
1453 3854 1535 3905 suot,

502 3927 649 4026 Abgarus
671 3923 862 3990 aitsanctus
883 3938 1027 4013 regnave
1045 3927 1187 4003 Edessae,
1207 3937 1244 3990 ut
1265 3924 1334 3989 vult
1353 3925 1537 4012 Africanus.

496 4012 662 4096 opinatur
690 4011 820 4097 quidem
850 4011 896 4075 vir
924 4011 1130 4076 doctissimus
1157 4011 1306 4097 Theoplr.
1331 4013 1479 4098 Bayerus
1504 4011 1535 4076 iu

502 4096 591 4162 Hist.
606 4118 664 4160 sua
680 4096 834 4160 Osrhoene
853 4107 884 4160 et
905 4096 1073 4176 Edessena,
1089 4097 1145 4162 lib.
1159 4097 1204 4162 iii.
1218 4119 1250 4183 p.
1268 4102 1334 4161 166.
1349 4109 1535 4184 excerptum

496 4204 521 4245 a
535 4181 680 4267 Georgio
694 4181 781 4246 huno
796 4180 904 4246 locum
921 4182 1018 4246 fuisse
1032 4203 1070 4247 ex
1086 4183 1258 4248 Gestorum
1273 4182 1373 4261 libris,
1387 4204 1471 4269 quos
1486 4183 1534 4247 A·

500 4267 640 4333 fricanus
660 4266 860 4353 composuit,
883 4266 1040 4354 siquidem
1057 4269 1165 4333 statim
1180 4280 1254 4355 post
1268 4268 1352 4332 idem
1371 4269 1535 4354 Georgius

500 4354 561 4418 hos
589 4351 762 4416 Gestorum
785 4352 884 4416 libros
911 4375 932 4417 a
951 4353 1040 4418 Julio
1062 4354 1216 4418 Africano
1239 4352 1435 4418 Alexandro
1450 4356 1534 4440 lmp.

501 4450 703 4523 nuncupatos
722 4450 966 4503 commemorat.
1010 4439 1096 4503 Tum
1111 4462 1186 4504 vero
1200 4440 1297 4503 alium
1318 4452 1473 4525 praeterea
1488 4440 1535 4503 lo·

501 4545 588 4602 eum,
604 4523 650 4587 vir
669 4522 711 4586 el.
730 4523 865 4608 protulit
887 4522 972 4610 apud
994 4524 1156 4609 Excerpto
1177 4526 1339 4589 inventum
1362 4533 1417 4588 τῶν
1439 4531 1536 4598 Κιςῶν

500 4607 619 4672 Graece
636 4608 724 4674 edita
743 4630 763 4672 a
782 4608 1021 4674 Melchisedeeo
1039 4610 1224 4675 Theveneto
1242 4632 1262 4674 e
1282 4610 1410 4675 duobus
1431 4609 1536 4674 Mstis

501 4692 611 4780 Regiis
628 4706 664 4761 et
682 4716 748 4762 uno
765 4693 967 4775 Colbertino,
981 4695 1014 4760 in
1034 4717 1099 4783 quo
1115 4696 1269 4783 Abgarus
1290 4718 1365 4762 eum
1387 4695 1456 4762 lilio
1476 4712 1536 4762 auo
