4092 5675
511 791 573 862 288
664 841 668 846 -
843 787 1202 858 ANNOTATIONES

497 960 578 1026 ¹rici.
608 959 740 1025 Confer.
760 970 842 1024 etv.
864 958 1047 1047 Δρυσμαθρῆ.
1084 961 1201 1026 Itidem
1223 960 1257 1025 in
1281 947 1449 1028 itinerariis
1472 962 1530 1029 eui

509 1045 685 1135 Sandysius
704 1058 737 1110 et
758 1046 980 1111 Maundrellus
1000 1059 1156 1112 nostrates
1174 1046 1392 1113 terebinthum
1406 1048 1529 1114 alteram

509 1131 599 1196 illam
614 1153 714 1218 prope
729 1132 932 1197 Hierusalem
947 1147 1173 1211 memorantes,
1185 1133 1230 1195 ita
1244 1129 1284 1196 de
1297 1155 1336 1197 ea
1349 1134 1530 1220 loquuntur,

508 1218 600 1302 quasi
622 1231 754 1304 propter
777 1216 810 1281 id
836 1218 940 1282 solum
964 1218 1123 1284 celebrata
1146 1229 1206 1295 est,
1232 1218 1320 1303 quod
1347 1219 1531 1285 Beatissimo

509 1303 613 1387 Vrrgo
634 1315 707 1366 ante
728 1313 953 1388 presentatum
972 1301 1005 1367 in
1024 1303 1146 1388 templo
1163 1302 1328 1368 Christum
1347 1305 1411 1368 sub
1426 1304 1531 1370 umbra

508 1386 579 1475 ejus
594 1387 751 1452 recubuit.
783 1390 886 1453 Notat
900 1389 1026 1452 Goarus
1039 1388 1191 1452 disserere
1205 1388 1247 1452 de
1262 1388 1445 1455 terebintho
1460 1411 1531 1455 ocn-

507 1472 592 1538 latos
611 1485 708 1538 testes
727 1475 778 1538 Fr.
794 1473 1006 1564 Quaresmum
1021 1474 1054 1537 in
1069 1472 1287 1537 Elocidotione
1301 1485 1397 1539 terrae
1410 1485 1533 1553 sanda,

507 1570 542 1708 {t
561 1559 743 1646 Eugenium
765 1559 953 1647 Rogerium,
968 1572 1001 1623 et
1014 1560 1095 1624 alios
1108 1558 1150 1624 de
1164 1560 1259 1623 sacris
1272 1559 1532 1650 peregrinationi-

533 1666 570 1707 us
583 1658 743 1709 auctores.

552 1730 586 1792 P.
606 1742 673 1794 154.
695 1729 718 1793 l.
739 1742 785 1792 12.
811 1732 863 1803 τὰς
884 1730 1009 1811 tussiat]
1035 1728 1124 1817 Quid
1149 1750 1208 1829 pro
1231 1728 1288 1793 illo
1315 1729 1409 1794 nihili
1430 1732 1533 1804 imnis

507 1814 768 1880 substituendum
789 1815 841 1893 sit,
864 1828 1007 1914 quaerant
1028 1815 1174 1879 studiosa
1196 1814 1306 1879 Scio.
1349 1817 1485 1889 Ἐκπνὰς
1504 1835 1532 1880 se

508 1898 1534 2133 aiompmo

1397 2030 1408 2064 2

508 2090 569 2155 pro
589 2069 712 2134 cunctis
758 2065 902 2134 ominum
948 2070 1096 2135 eneribus
1117 2090 1272 2156 vanisque
1293 2069 1447 2134 humanae
1468 2070 1534 2136 vita

472 2223 476 2230 ,
510 2154 751 2221 necessitatibus
762 2092 1032 2220 Ecclesiathserte
1040 2166 1073 2220 et
1081 2156 1236 2305 explicate
1246 2155 1355 2219 Deum
1368 2153 1534 2241 Optimum

509 2241 689 2305 Maximum
711 2253 831 2306 exorat.
876 2241 998 2329 Quanti
1015 2240 1118 2305 facien
1142 2264 1168 2305 ae
1182 2241 1223 2305 ab
1236 2241 1325 2304 omni
1338 2260 1412 2304 vere
1427 2238 1534 2306 Chris·

506 2325 595 2389 tiano
609 2326 740 2390 homine
753 2339 890 2391 vetustas
907 2348 1017 2391 earum
1032 2348 1052 2390 a
1067 2325 1307 2411 quatuordecim
1326 2325 1398 2412 jam
1414 2324 1535 2392 saecrrlia

508 2412 643 2498 probata
657 2426 852 2476 commonet.
887 2412 941 2476 De
958 2411 1020 2476 illis
1041 2411 1168 2476 abunde
1189 2411 1221 2475 in
1242 2412 1358 2476 nostris
1374 2410 1535 2477 Eucholo-

507 2497 601 2582 gicis.
623 2498 746 2562 Gonu.
789 2498 873 2561 Haec
886 2495 952 2561 ille.
988 2496 1075 2561 Mihi
1088 2518 1162 2560 vero
1176 2496 1321 2561 locus-ab
1338 2497 1411 2584 ipso
1429 2497 1535 2562 Goaro

507 2604 548 2646 ex
568 2581 738 2648 Eustathio
759 2582 792 2646 io
811 2582 1024 2646 Hexoemeroo
1045 2582 1078 2646 in
1098 2581 1198 2646 Notis
1215 2581 1329 2646 allatus
1351 2581 1441 2646 aliud
1485 2579 1536 2646 uid

507 2665 1155 2834 ⁸⁰³ttt‘atitttttattthitt‘t
1172 2670 1246 2816 ἵξῃ
1257 2666 1535 2837 ›istoiuimoi

507 2773 587 2900 ioeirrt
601 2839 822 2920 ὁλοκαυτώματα
835 2838 856 2924 τὲ
871 2844 921 2912 τὰς
936 2779 1093 2921 ἑκαςτὸμὸας
1105 2778 1352 2926 ἀρνέζεςονᾚῇ
1364 2777 1534 2924 εἴςὶυεᾶ.

509 2923 597 2987 Hinc
612 2935 749 3001 constat,
761 2927 812 2997 τὰς
833 2921 990 3004 ἑκατόμὸας
1011 2944 1070 3007 pro
1091 2927 1143 2997 τὰς
1164 2927 1272 2997 ἐκτενὲς
1294 2922 1357 2987 hoc
1377 2923 1454 2987 loco
1474 2920 1535 3011 legi

507 3006 643 3088 debere3
666 3007 745 3071 nihil
764 3008 850 3072 euim
870 3007 924 3071 hic
944 3008 1051 3094 agitur
1070 3007 1111 3072 de
1134 3008 1390 3072 Christianorum
1413 3008 1534 3086 ritibus,

392 3118 395 3123 ·
507 3093 566 3157 sed
579 3093 618 3157 de
630 3093 787 3158 sacrificiis
801 3093 977 3158 incolarum
990 3093 1204 3171 ethnicorum,
1216 3093 1271 3180 qui
1285 3092 1534 3180 patriarcharum

506 3179 697 3243 memoriam
721 3179 860 3243 maxima
885 3179 1058 3243 reverentia
1082 3180 1364 3265 prosequebantur.
1412 3177 1535 3243 Adbec

508 3286 583 3329 curn
599 3265 652 3330 alii
666 3264 820 3344 historici,
836 3279 905 3329 turn
919 3286 995 3328 vero
1015 3265 1213 3328 Sozomenus
1227 3262 1283 3327 lib.
1295 3263 1328 3326 ii.
1343 3262 1433 3327 Hist.
1449 3260 1534 3327 Etsi·

507 3372 538 3415 c.
551 3365 582 3415 4.
602 3364 744 3416 mereatu
765 3350 828 3415 hoc
848 3365 945 3437 atque
959 3350 1054 3427 festo,
1069 3350 1110 3413 ad
1125 3349 1214 3434 quod
1219 3348 1359 3497 &isidem
1372 3349 1535 3413 celebran-

507 3437 586 3501 dum
601 3436 741 3521 undique
756 3438 914 3501 confluere
928 3435 1074 3499 solebant
1087 3434 1205 3513 Judaei,
1249 3434 1405 3512 hristiani,
1419 3432 1533 3499 Ethai-

507 3523 548 3600 ci,
563 3534 828 3599 commemorato,
846 3543 933 3585 aram
954 3519 1094 3584 dirutam
1111 3520 1242 3584 fuisses
1257 3519 1473 3583 Constantino
1486 3516 1535 3583 M.

507 3606 649 3685 tradunt,
669 3629 764 3692 super
785 3629 882 3691 quam
905 3605 1082 3670 lautissima
1101 3604 1351 3669 immolabantur
1371 3603 1534 3668 sacrificia.

508 3693 592 3777 Ipsae
621 3714 686 3778 quo
710 3713 751 3755 ue
778 3692 980 3754 Constantini
1006 3691 1106 3754 literae
1129 3703 1299 3776 propterea
1319 3689 1426 3753 missae
1452 3684 1536 3777 apud

507 3715 753 3842 Eusebiumiib.
764 3775 809 3839 iii.
822 3779 872 3840 De
887 3777 919 3837 V
917 3777 953 3839 it.
967 3776 1127 3840 Constant.
1141 3797 1233 3860 capp.
1245 3790 1294 3838 53.
1306 3788 1339 3838 et
1349 3785 1400 3838 54.
1416 3786 1535 3839 extant.
1567 3820 1575 3837 .

509 3864 678 3950 Postquam
701 3862 771 3926 haec
793 3861 916 3946 scripsi,
937 3863 1080 3925 Leonem
1102 3860 1272 3936 Allatium,
1296 3859 1351 3946 qui
1374 3856 1537 3923 Eustathii

507 3970 590 4032 opus
613 3969 652 4012 ex
678 3948 797 4033 scripto
822 3947 975 4024 ediderat,
997 3946 1061 4010 vidi
1085 3967 1125 4010 ex
1149 3959 1280 4009 auctore
1306 3966 1365 4008 suo
1389 3940 1536 4010 Africani

507 4034 603 4096 verba
626 4034 671 4096 sic
697 4032 883 4109 restituisse,
908 4031 1000 4117 cujus
1029 4030 1159 4117 quidem
1185 4030 1442 4094 emendationem
1472 4050 1535 4095 non

507 4130 634 4180 tantum
658 4118 783 4182 silentio
806 4117 980 4181 transmisit
1005 4118 1143 4194 GoaruS,
1166 4115 1223 4178 sed
1246 4115 1349 4179 eidem
1376 4124 1536 4201 repugnat

507 4203 603 4266 etiam
624 4203 811 4266 Gallandius
831 4203 863 4266 in
877 4200 1069 4265 Bibliotheca
1085 4223 1143 4265 sua
1154 4203 1222 4264 ΡΡ.
1238 4215 1317 4265 tom.
1329 4200 1363 4264 ii.
1377 4221 1455 4286 pag.
1465 4206 1535 4265 ³66.

505 4287 683 4436 {luiTlgani3
692 4288 793 4433 verbis
808 4286 878 4434 haeIc
893 4286 1028 4365 addidit,
1043 4286 1324 4434 “Suicpejrum'ad}I
1329 4285 1356 4349 si
1369 4286 1489 4434 poleam,
1503 4285 1535 4349 iu

520 4381 530 4413 ‘
610 4393 635 4435 s.
685 4385 834 4436 cc.tom.
869 4421 876 4435 .
914 4394 932 4434 a
958 4388 993 4435 .1
1037 4385 1067 4435 3.
1087 4374 1139 4435 v.'
1170 4396 1206 4433 κτ
1265 4418 1273 4434 .
1327 4415 1335 4433 .
1412 4383 1535 4435 eterum

506 4466 531 4498 “
544 4457 683 4523 Allatius
707 4456 791 4520 notis
816 4457 858 4521 ad
883 4385 1087 4522 liusgtadiium
1112 4477 1188 4542 pag.
1203 4398 1273 4536 igi.
1297 4456 1369 4520 haec
1390 4452 1536 4521 Africani

506 4551 530 4583 “
544 4545 637 4622 verba
651 4553 800 4627 corrupta
814 4557 932 4621 censet,
944 4556 1040 4627 atque
1054 4543 1098 4606 ita
1112 4563 1151 4605 ex
1172 4565 1231 4606 suo
1254 4540 1425 4606 Eustathio
1445 4540 1537 4609 resti·

506 4635 530 4669 “
545 4629 681 4694 tuenda:
704 4626 742 4707 ἐφ’
757 4625 784 4690 to
798 4654 836 4690 τα
849 4654 880 4691 τε
894 4627 1116 4708 ὁλοκαυτώματα
1133 4628 1180 4690 καὶ
1195 4631 1247 4702 τὰς
1261 4624 1420 4709 ἑκατόμὸας
1437 4624 1535 4706 drios-

506 4721 529 4757 “
541 4740 598 4801 po.
634 4713 737 4801 Quod
754 4712 886 4780 minhne
904 4712 1140 4780 admittendum
1154 4711 1290 4779 videtur.
1326 4712 1537 4783 Verbaeuin
