4092 5675
674 873 677 882 ι
725 789 778 859 ΙΝ
799 788 1022 856 AFRICANI
1047 786 1301 855 CHRONICA.
1471 800 1536 878 239

504 958 555 1044 tir,
571 961 636 1028 hoc
656 974 717 1042 est,
737 960 911 1047 spiritualis
932 961 982 1026 vel
1005 961 1165 1048 mysticus,
1184 961 1307 1046 primus
1329 959 1382 1024 ille
1403 960 1470 1026 dies
1491 963 1535 1026 ab

502 1051 655 1116 Africano
671 1048 800 1113 habitus
814 1063 874 1113 est.
919 1046 1063 1196 Scaliqer
1084 1047 1171 1112 aliud
1194 1047 1272 1146 quid
1295 1068 1393 1132 agens
1407 1047 1440 1111 in
1455 1050 1534 1112 Pro-

502 1134 669 1236 legomenis
690 1134 732 1199 od
756 1133 906 1198 Chronico
925 1135 1009 1198 Euse
1030 1133 1064 1212 ii,
1080 1155 1186 1197 versus
1200 1134 1269 1196 rnit.
1285 1134 1351 1197 aits
1376 1134 1536 1198 “Omnes

500 1227 521 1260 ‘¹
536 1221 585 1286 rlli
606 1234 728 1286 veteres
747 1220 830 1304 (scil.
850 1219 1079 1297 Tertullianus,
1096 1220 1279 1299 Africanus,
1294 1218 1361 1299 aliq
1378 1236 1535 1305 maguum

496 1313 521 1366 .“
537 1307 696 1371 honorem
718 1305 899 1370 habuerunt
919 1305 982 1369 diei
1007 1326 1097 1369 xxv.
1113 1304 1245 1391 Aprilis,
1260 1305 1315 1391 qui
1331 1305 1487 1369 mundum
1502 1304 1537 1370 iri

498 1398 521 1437 ‘⁶
536 1392 770 1470 esconditnm,
786 1391 953 1456 Christum
976 1403 1181 1475 conceptum,
1203 1404 1239 1455 et
1260 1412 1388 1475 passum
1411 1414 1537 1456 memo·

497 1484 522 1516 “
537 1491 632 1556 rant;
657 1477 815 1563 abeoquo
834 1475 1026 1562 ωρωτόκτιςον
1040 1475 1142 1563 ἡμέραν
1157 1498 1226 1541 earn
1241 1491 1366 1553 vocant,
1382 1477 1470 1564 quod
1484 1479 1537 1541 fus

477 1568 521 1640 ‚⁸⁴
534 1563 610 1642 erit,
626 1576 664 1628 ut
685 1563 816 1649 quidem
838 1563 899 1647 ipsi
921 1563 1087 1647 putabant,
1103 1562 1248 1647 princeps
1270 1561 1481 1627 hebdomadis
1502 1564 1536 1629 in

497 1653 522 1688 “
534 1647 673 1714 conditu
685 1670 814 1726 rerum;
837 1648 928 1734 quasi
950 1669 1076 1733 semper
1097 1648 1129 1710 in
1149 1669 1187 1710 ea
1204 1648 1333 1712 lraeserit
1347 1648 1536 1735 aequinocti-

497 1740 523 1774 “
537 1756 595 1798 um
612 1755 653 1797 ex
668 1735 825 1798 sententia
843 1734 1020 1819 Sosigenis,
1036 1733 1090 1819 qui
1105 1734 1262 1818 ωροήγησιν
1278 1739 1427 1820 ἰσημερινὴν
1441 1735 1537 1820 igno·

499 1825 524 1862 ‘⁴
537 1818 652 1885 ravit.''
696 1821 778 1884 Haeo
795 1820 948 1904 Scaliger,
961 1819 1155 1905 quibuscum
1177 1821 1322 1883 conferas
1342 1821 1539 1906 Syncelliani

495 1906 608 1991 operis
631 1904 769 1970 initium.
813 1906 958 1969 Forsitan
972 1926 1052 1990 ergo
1067 1926 1106 1969 ex
1119 1905 1263 1970 Africani
1279 1922 1386 1970 mente
1400 1914 1415 1983 ἡ
1429 1908 1539 1993 apond-

496 2016 597 2065 κτιςος
607 1989 696 2074 ἡμέρα
706 1990 779 2055 ideo
789 1991 937 2078 mystica,
947 2012 1005 2054 seu
1014 1990 1124 2076 typica
1135 1995 1213 2077 (quo
1225 2013 1319 2056 sensu
1328 2013 1440 2056 vocem
1450 1992 1540 2071 νοητὸς

499 2075 598 2141 mult-i
613 2091 768 2161 usurpant
781 2079 899 2162 patres)
918 2089 986 2140 erat
1000 2076 1159 2156 habenda,
1196 2075 1262 2141 uod
1281 2080 1313 2141 τὸ
1335 2086 1391 2159 φῶς
1405 2082 1542 2167 disappo-

500 2162 573 2236 slfor
586 2162 724 2261 primam
745 2163 989 2249 conceptionem
1009 2162 1043 2225 in
1066 2176 1157 2225 utero
1174 2100 1378 2227 <ileatissimae
1395 2165 1540 2249 Virginis

500 2247 713 2314 similitudine
727 2248 867 2335 quadam
883 2249 988 2312 refert.
1028 2248 1126 2311 Certe
1141 2248 1173 2313 in
1187 2250 1382 2334 Fragmeuto
1397 2250 1541 2335 quodam

499 2334 636 2398 nomine
655 2334 795 2399 Diodori
815 2334 982 2419 inscripto,
998 2332 1087 2419 quod
1103 2332 1234 2420 quidem
1255 2355 1294 2397 ex
1319 2333 1452 2398 Catenis
1467 2336 1540 2422 qui·

501 2418 643 2486 busdam
669 2420 776 2484 attulit
801 2419 991 2484 Delaruaeus
1014 2419 1055 2484 ad
1083 2419 1233 2504 Origenis
1259 2419 1435 2483 Homiliom
1458 2423 1485 2483 Ι.
1507 2420 1542 2486 iu

506 2505 653 2583 Genesin,
668 2526 700 2590 p.
712 2519 762 2570 52.
778 2505 956 2569 ostenditur
976 2504 1146 2590 Origenes,
1161 2506 1218 2591 qui
1238 2505 1393 2569 Africano
1414 2506 1477 2570 fuit
1495 2530 1543 2570 ae-

502 2591 620 2679 qualis,
634 2592 667 2654 τὸ
682 2592 872 2678 augendarum
886 2598 941 2673 φῶς
955 2590 996 2654 de
1010 2591 1082 2675 ipso
1094 2590 1226 2655 Christo
1237 2591 1374 2690 mystice
1389 2592 1544 2678 interpre-

504 2691 686 2744 tatusesse.
717 2683 754 2740 Εἰ
768 2678 794 2739 δὲ
809 2678 840 2740 τὸ
857 2678 954 2751 σκότος
973 2680 1098 2759 (auctor
1112 2675 1285 2762 fragmenti
1298 2677 1465 2742 Diodorus
1481 2679 1539 2761 ait)

505 2767 590 2849 οὗχὴ
606 2770 658 2825 τῶν
671 2762 810 2844 σωμάτων
824 2767 893 2826 σκιὰ
908 2761 1019 2849 ripum,
1034 2766 1114 2825 ἀλλὰ
1133 2763 1222 2841 νοητόν
1239 2788 1278 2842 rt,
1293 2762 1404 2838 τετέςιν
1418 2768 1431 2827 ὁ
1447 2762 1542 2828 διάδο-

504 2864 564 2928 λος,
579 2850 613 2912 τὸ
628 2850 769 2958 γενηθήτω
783 2858 847 2931 φῶς,
862 2855 926 2922 πῶς
948 2850 1054 2927 uriom
1077 2846 1133 2933 ἄρα
1151 2852 1182 2913 τὸ
1204 2853 1344 2930 ἀληθινὸν,
1359 2843 1405 2915 rii
1419 2851 1491 2930 uio‘r3
1513 2851 1545 2915 ri

503 2935 551 2999 orit
564 2933 600 2999 oie
614 2959 707 3020 ειπῃς;
727 2939 801 3017 μετὰ
815 2937 861 2998 τὸν
875 2936 993 3020 οὐρανὸν,
1009 2937 1056 2998 καὶ
1072 2939 1119 3012 τὴν
1132 2941 1197 3020 γῆν,
1213 2939 1260 2999 καὶ
1281 2940 1329 3015 τὴν
1344 2934 1478 3016 ἄέυσσον,
1494 2940 1543 3000 nal

505 3024 538 3096 ri
560 3022 651 3098 νοητὸν
672 3020 770 3095 σκότος
791 3024 837 3083 τὸν
860 3018 994 3098 irridetur,
1011 3025 1023 3083 ὁ
1043 3025 1126 3094 Θεῖος
1147 3021 1231 3105 λόγος
1242 3044 1251 3100 ;
1275 3023 1322 3085 καὶ
1345 3021 1387 3097 τίς
1408 3021 1543 3088 ἄντοῦτο

505 3107 711 3192 συγχωρήσειε,
731 3105 779 3179 ἕως
800 3104 833 3168 ἂν
854 3108 901 3168 riu
922 3113 979 3169 νοῦν
1002 3105 1081 3191 ἔχει)
1108 3106 1162 3169 Ad
1185 3131 1257 3192 quae
1278 3107 1411 3171 Catenae
1431 3125 1546 3174 auctor

506 3192 628 3257 notavit
648 3191 747 3268 istud,
761 3191 830 3265 ἰςέον
845 3190 885 3254 ὅτι
901 3196 948 3269 τὴν
960 3190 1122 3277 Ὠςιγένους
1136 3190 1214 3269 δόξαν
1230 3191 1345 3276 ἐλέγχει
1360 3191 1444 3266 οὕτως
1458 3201 1544 3280 ipsaq-

506 3278 635 3351 νεύοντος.
687 3278 712 3340 V
715 3277 810 3341 idesis
833 3291 941 3342 tamen
967 3275 1170 3344 Clementem
1192 3276 1447 3344 Alexandrinum
1468 3293 1545 3342 ante

504 3363 683 3447 Origenem
707 3362 810 3427 simile
832 3363 909 3450 quid
930 3363 963 3425 in
986 3361 1100 3428 Strom.
1113 3363 1152 3426 vi.
1168 3362 1209 3427 ad
1224 3383 1300 3450 pag.
1313 3369 1383 3426 615.
1400 3384 1544 3429 asseren-

506 3463 586 3516 iem·

1005 3797 1051 3862 ll.

504 3982 520 4017 '-
554 3966 671 4031 P.124.
685 3965 707 4030 l.
723 3981 768 4031 10.
791 3966 939 4050 Ἀφςικανός
961 3969 1007 4028 noi
1029 3977 1041 4027 ὅ
1059 3968 1135 4041 ἅγιος
1152 3963 1322 4050 Ἀθανᾶσιας]
1339 3963 1428 4052 Quid
1444 3967 1547 4055 scl'lp'·

504 4053 587 4119 serit
608 4053 649 4117 de
663 4052 782 4117 Adami
806 4052 979 4136 sepultura,
1002 4051 1051 4115 vel
1071 4052 1253 4130 Africanus,
1268 4052 1317 4115 vel
1336 4051 1544 4134 Athanasius,

510 4136 601 4203 ‘uxta
613 4161 688 4202 cum
703 4138 912 4225 ignotissimis
927 4138 1005 4201 scio.
1047 4140 1090 4201 Et
1102 4158 1188 4214 vero,
1202 4137 1305 4201 donec
1319 4136 1406 4202 istud
1422 4160 1440 4203 e
1455 4156 1546 4205 tene*

503 4160 576 4289 luis
600 4225 790 4310 proferatur,
810 4237 897 4287 recte
913 4222 1052 4300 dubites,
1066 4237 1238 4309 postquam
1261 4223 1473 4289 narrationem
1495 4227 1545 4291 le-

508 4311 598 4396 geris
616 4308 656 4374 de
673 4311 805 4374 loannis
827 4307 965 4394 apostoli
987 4311 1160 4393 sepultura,
1176 4331 1196 4370 a
1214 4310 1337 4374 Malala
1358 4310 1388 4374 in
1412 4310 1547 4375 Chrono-

507 4394 646 4483 groplu‘o
661 4418 719 4459 sua
729 4397 884 4460 Africano
899 4410 995 4480 atque
1012 4397 1146 4471 Irenaeo,
1161 4394 1289 4459 ineunte
1304 4395 1361 4458 lib.
1373 4396 1414 4459 xi.
1430 4417 1462 4480 p.
1474 4411 1545 4461 351.

507 4481 716 4566 adscriptam,
730 4504 770 4545 an
783 4483 955 4567 quicquam
972 4481 1155 4543 omninode
1167 4481 1289 4547 Adami
1302 4480 1444 4567 exequiis
1459 4502 1548 4564 reve·¹

507 4588 547 4632 ra
570 4566 756 4652 reliquerint
780 4583 854 4652 post
880 4589 913 4630 se
937 4580 1045 4630 noster
1070 4565 1122 4629 ille
1147 4580 1260 4631 auctor
1282 4579 1316 4630 et
1337 4565 1547 4633 Athanasius.

511 4650 669 4717 Conferas
685 4653 849 4730 nonnulla,
865 4676 937 4738 quae
960 4652 1001 4715 ad
1024 4654 1290 4736 Fragmentorum
1311 4651 1430 4716 horum
1451 4651 1547 4718 linem

508 4736 554 4813 de
564 4737 845 4834 pseudepigroplris
858 4738 1005 4805 Africani
1018 4749 1330 4805 commemoraturus
1345 4758 1431 4804 sum.
1538 4782 1545 4797 ,
