4092 5675
645 764 697 833 IN
718 763 943 833 AFRICANI
968 760 1225 833 CHRONICA.
1394 786 1474 861 241¹

410 947 539 1025 partem
554 936 597 1003 ad
610 938 799 1003 Africanum
819 938 978 1026 pertinere
998 949 1110 1022 putem
1123 961 1134 1017 ;
1157 950 1266 1003 utrum
1281 959 1356 1003 vero
1373 959 1454 1025 pos-

409 1024 529 1089 teriora
543 1024 611 1104 illa,
627 1028 653 1087 ἒν
671 1026 699 1087 δὲ
718 1031 752 1111 τῇ
775 1026 914 1111 οἰκονομίᾳ
928 1053 957 1087 κ.
967 1049 995 1087 τ.
1009 1038 1039 1088 λ.
1052 1024 1156 1088 eidem
1173 1024 1364 1111 assignanda
1379 1026 1459 1103 sint,

406 1108 551 1176 aliorum
572 1111 614 1176 sit
631 1109 807 1199 judicium.
851 1112 992 1176 Tantum
1015 1111 1149 1187 notabo,
1169 1132 1279 1175 vocem
1300 1111 1453 1193 οἰκονομίαν

404 1193 475 1260 hoc
498 1217 594 1260 sensu
615 1197 807 1277 adhibitam,
822 1196 1033 1275 Tertulliano,
1048 1196 1105 1283 qui
1118 1195 1273 1261 Africano
1291 1197 1453 1285 antiquior

404 1292 470 1359 est,
485 1281 676 1347 familiarem
689 1305 759 1347 esse
770 1308 781 1363 3
804 1294 838 1347 et
851 1296 1028 1370 cognatum
1052 1281 1139 1347 hunc
1162 1281 1274 1347 locum
1296 1305 1365 1348 csse
1384 1283 1452 1368 pri·

405 1366 458 1430 ori
478 1366 527 1433 illi
548 1370 696 1456 proxime
708 1383 784 1435 ante
800 1391 840 1435 ex
854 1369 995 1459 Syncelli
1013 1367 1267 1456 Chronogruplrin
1288 1391 1308 1433 a
1326 1391 1380 1434 me
1400 1369 1450 1434 al·

405 1450 488 1517 lato.

908 1797 951 1864 V.

451 1967 489 2034 P.
503 1959 572 2034 126.
586 1966 609 2033 l.
623 1983 653 2034 2.
673 1967 759 2057 τάχα
772 1995 800 2034 τί
815 1968 940 2052 σημαίνοι
954 1968 1030 2055 &c.]
1045 1970 1128 2057 Regi
1144 1970 1194 2035 his
1208 1970 1352 2050 vocibus,
1366 1971 1450 2059 τάχα

402 2079 434 2155 'ep
453 2054 606 2141 (fortasse
619 2058 661 2138 τε)
675 2055 799 2139 σημαίνω
814 2058 844 2120 ri
859 2056 1046 2142 πολυχρόνιον
1061 2062 1156 2136 αὐτῆς,
1172 2057 1297 2124 videtur
1313 2058 1392 2123 illud
1407 2060 1451 2124 ad
1479 2096 1483 2100 -

404 2141 464 2208 lm.
479 2155 511 2206 3.
538 2146 679 2227 Κορνανιὴν
700 2141 813 2227 ἡμέραν,
836 2143 897 2206 etsi
916 2154 1030 2228 postea
1049 2143 1134 2207 idem
1156 2144 1330 2208 Africanus
1350 2145 1390 2208 ad
1414 2146 1451 2208 fi-

404 2247 482 2292 Μ
505 2228 610 2293 Num.
626 2248 698 2293 vlt.
722 2229 789 2292 hoc
810 2228 920 2307 habet,
934 2225 1026 2291 τέτων
1045 2230 1096 2312 μὲν
1106 2228 1156 2292 οὗν
1171 2229 1270 2303 {aaron
1284 2239 1339 2294 τῶν
1353 2233 1449 2315 διαφε-

405 2311 507 2401 ρόντων
519 2338 548 2375 τι
562 2312 699 2395 σημαίνει.
1219 2357 1223 2363 ,

359 2473 361 2482 ρ
449 2397 539 2463 Ibid.
561 2402 609 2477 τὴν
628 2403 677 2462 ins
695 2398 809 2481 κόσμων
829 2398 962 2486 ὀγδοάὸοι]
986 2401 1127 2468 Irenaeus
1147 2400 1204 2466 lib.
1219 2425 1248 2465 ν.
1264 2401 1349 2466 Adv.
1366 2403 1450 2467 Hae·

404 2506 499 2568 reses,
512 2504 585 2569 cap.
596 2498 646 2549 28.
665 2427 823 2583 Quotquot
839 2486 921 2549 enim
931 2484 1042 2551 ‚dicim
1057 2486 1106 2551 hic
1114 2482 1229 2572 factus
1243 2500 1289 2552 est
1304 2490 1449 2567 mundns,

405 2579 454 2634 tot
475 2580 508 2634 et
529 2569 669 2635 nullibus
690 2593 781 2636 annis
802 2582 1041 2636 consummatur.
1086 2574 1138 2636 lta
1160 2572 1213 2637 ille
1225 2598 1235 2652 ;
1264 2574 1314 2639 his
1337 2589 1449 2639 autem

403 2675 462 2722 tex
476 2655 621 2721 millibus
637 2658 751 2722 Irenaei
766 2660 867 2737 annis,
883 2658 910 2722 si
923 2680 1059 2744 regnum
1078 2657 1199 2723 Christi
1220 2660 1318 2725 addas
1337 2662 1369 2726 in
1385 2676 1451 2725 ter·

404 2742 449 2807 ris
471 2762 532 2828 per
554 2742 645 2806 mille
664 2765 777 2822 annos,
802 2760 839 2808 ut
864 2743 949 2807 idem
971 2744 1074 2809 voluit
1096 2759 1223 2825 auctor,
1249 2769 1449 2828 mansurum,

404 2826 449 2893 ad
473 2829 779 2914 snpra-mundanam
805 2856 819 2894 ο
843 2830 971 2896 dandam
997 2830 1187 2929 perveneris,
1214 2832 1278 2897 sive
1303 2833 1342 2899 ad
1367 2834 1450 2899 diem

404 2913 779 2982 flamininum-Fatum
802 2854 889 2980 iiiias
906 2917 1024 3002 judisti
1049 2918 1167 3004 (inquit
1189 2919 1375 2986 Victorinus
1398 2924 1451 2986 De

404 2999 542 3067 Fabricii
558 3001 673 3091 Caeli-a
688 3004 789 3069 Cavio
805 3003 837 3066 in
854 3002 942 3066 Hist.
959 3003 1027 3067 Lit.
1044 3017 1123 3068 tom.
1139 3006 1166 3068 I.
1187 3026 1219 3089 p.
1239 3019 1304 3071 148.
1326 3007 1446 3091 editus)

404 3086 472 3152 dies
487 3097 622 3167 octavus,
638 3089 693 3176 'qni
713 3100 804 3154 entra
824 3088 960 3152 ordinent
975 3088 1160 3173 septimanae
1174 3090 1382 3175 dispositionis
1394 3118 1449 3158 ea:-

404 3194 547 3239 cessarns
560 3184 633 3239 est.-

449 3258 536 3345 Ibid.
550 3259 617 3324 hs.
638 3261 732 3346 τοῦτο]
751 3259 828 3348 τοίτῳ
847 3273 934 3326 recte
956 3259 1101 3347 reposuit
1118 3261 1244 3326 Goarus
1265 3262 1307 3327 ad
1328 3265 1449 3352 margi-

404 3367 478 3410 nem
494 3346 518 3410 S
540 3344 644 3418 noelli.

450 3432 502 3495 Ibi
529 3431 573 3495 .l.
586 3445 617 3495 5.
640 3431 757 3496 στάντων
779 3432 912 3520 ὑπάρχων
929 3429 1090 3516 ωλῆρωμα]
1109 3431 1228 3496 Πάντων
1251 3455 1311 3519 pro
1333 3439 1448 3524 πρῶτον

403 3537 446 3582 ex
457 3517 563 3602 priore
576 3518 677 3582 MSto
688 3517 826 3604 Spncelli
835 3518 978 3582 Parisino
994 3541 1079 3582 nunc
1094 3519 1234 3604 reposui.
1258 3520 1322 3584 Sed
1336 3543 1447 3586 emen-

405 3602 497 3668 datio
515 3625 589 3667 mea
610 3604 687 3669 satis
705 3618 792 3668 certa
806 3606 893 3689 prius
909 3605 1014 3669 fuerat
1029 3619 1161 3690 propter
1175 3605 1257 3670 illud
1274 3607 1306 3670 S.
1318 3609 1449 3672 Jounnis

404 3688 429 3754 l.
443 3695 494 3754 16.
519 3689 529 3711 ⁸
547 3694 578 3752 ἐκ
591 3696 630 3752 rri
644 3690 836 3774 πληρώματος
850 3695 922 3754 aar&
936 3695 1011 3773 ἡμεῖς
1026 3690 1134 3766 στάντες
1150 3691 1297 3776 indispar.
1326 3693 1448 3759 Confer

405 3786 441 3841 et
454 3776 489 3840 Ε
549 3797 574 3839 s.
590 3775 612 3839 i.
628 3790 679 3840 23.

448 3789 536 3926 Ibipd.
550 3860 573 3925 l.
589 3868 619 3925 6.
642 3861 830 3949 ἀνεπλήρωσεν
853 3867 865 3925 ὁ
887 3861 1001 3948 Σωτήρ]
1022 3863 1121 3926 Anno
1144 3863 1247 3927 aetatis
1268 3877 1319 3927 31.
1342 3864 1447 3931 crucis

402 3960 548 4014 mortem
564 3947 730 4012 Christur'n
746 3948 880 4013 subiisse
893 3949 1065 4012 Africanus
1079 3948 1190 4012 asserit
1204 3949 1350 4035 Georgio
1365 3963 1447 4016 teste

474 4047 569 4097 .825.
615 4035 703 4098 Istoc
725 4034 846 4098 idcirco
868 4056 968 4098 annos
990 4048 1041 4097 31.
1064 4034 1133 4098 aliis
1154 4033 1352 4100 Mathusalae
1373 4045 1445 4117 969.

402 4117 446 4184 ad
470 4117 518 4198 ti,
533 4118 690 4184 chiliados
702 4119 836 4205 integrae
846 4119 1134 4206 complementum,
1146 4131 1180 4184 et
1193 4121 1370 4208 mysticum
1384 4147 1445 4190 nu·

402 4225 532 4270 merum
547 4205 720 4271 arbitratur
733 4227 883 4270 reserare.
907 4207 1081 4270 Gonnus.

448 4290 534 4356 Ibid.
558 4292 625 4354 Εἰσί
645 4295 717 4379 τρεῖς
740 4290 901 4376 ίμωνομίοη]
924 4292 1004 4356 Seth
1026 4291 1146 4376 posteri
1165 4291 1296 4358 fuerunt
1317 4295 1444 4374 Enoch,

403 4366 607 4456 Mathusala,
622 4378 777 4442 Lamech.
820 4378 971 4442 Totidem
992 4393 1139 4464 posteros
1154 4377 1258 4442 fratris
1274 4379 1345 4466 ejus
1362 4381 1445 4444 Cain

399 4461 506 4531 fabre
517 4465 730 4548 cognomines
744 4463 805 4528 illis
817 4463 873 4528 ait.
897 4464 960 4528 Sed
975 4463 1097 4528 fallitur
1110 4464 1142 4528 in
1156 4464 1353 4530 Mathusala.
1377 4467 1445 4528 lm·

401 4549 516 4639 possut
526 4548 574 4613 illi
586 4550 794 4635 septuaginta
804 4550 1014 4636 interpretum
1028 4550 1138 4628 editio,
1151 4572 1224 4635 quae
1237 4573 1295 4649 pro
1308 4551 1444 4615 Mathu-

402 4634 473 4701 mel
485 4635 597 4722 posuit
617 4635 814 4702 Mathusala.
850 4637 930 4702 Jos.
947 4636 1155 4701 Sounoua.
1171 4635 1275 4721 quim
1290 4634 1445 4722 Reliqniis

405 4718 532 4787 Grauis
551 4720 723 4789 Eusebiani
747 4721 888 4791 Chronici
907 4722 1085 4810 posteriora
1106 4721 1177 4787 haec
1204 4722 1269 4797 Εἰσί
1290 4725 1361 4807 τρεῖς
1384 4725 1445 4787 tre.

448 4826 540 4875 vol..
557 4827 602 4873 11·
940 4828 963 4872 R
