4092 5675
497 789 562 861 ³54
832 764 1195 838 luuorsrronss'

546 944 581 1008 P.
598 958 663 1022 195.
676 944 701 1008 l.
717 956 764 1007 ts.
786 942 861 1006 anni
875 945 1077 1029 ccccm]
1096 943 1219 1007 Confer
1232 941 1335 1007 Num.
1355 952 1537 1009 metuet

501 1029 544 1094 sd
559 1032 662 1094 Num.
679 1049 779 1094 xxu.
795 1048 829 1115 p.
842 1043 912 1107 299.

546 1114 739 1181 lbid.l.1³.
769 1136 820 1179 an.
845 1117 920 1200 stu]
945 1114 1030 1181 Vide
1053 1127 1121 1180 not.
1148 1114 1190 1179 ad
1214 1116 1319 1197 Num.
1340 1133 1446 1180 xxrr.
1467 1133 1537 1203 με.

546 1286 630 1352 Ibid.
645 1286 668 1352 l.
683 1299 731 1364 17.
753 1286 829 1352 enni
852 1306 992 1351 ccxxx.
1033 1288 1085 1350 Ita
1105 1284 1235 1373 quidem
1259 1297 1294 1351 et
1314 1285 1394 1350 alibi
1415 1285 1538 1351 Africa·

502 1385 584 1453 nus}
613 1395 714 1439 annos
734 1384 843 1437 tamen
865 1387 936 1436 233.
956 1394 996 1436 co
1009 1372 1092 1458 legit
1111 1372 1317 1457 Augustinus
1338 1371 1398 1447 lib.
1417 1369 1476 1435 xii.
1496 1371 1539 1436 De

504 1458 641 1524 Ciuitate
654 1459 718 1524 Dei
732 1479 804 1546 cap.
820 1473 866 1523 ιο.
880 1481 901 1522 a
915 1457 1033 1522 Persici
1048 1456 1139 1544 regni
1153 1457 1247 1521 initio
1266 1479 1371 1545 usquo
1389 1456 1433 1521 sd
1446 1456 1538 1522 Alex·

502 1543 592 1610 andri
608 1545 784 1611 victoriam.

546 1639 630 1705 Ibid.
656 1638 679 1703 l.
706 1655 754 1719 19.
785 1640 860 1704 anni
889 1639 1041 1721 Lxx1v.]
1066 1638 1114 1702 At
1140 1661 1214 1704 vero
1239 1661 1280 1705 ex
1303 1640 1410 1704 Num.
1438 1655 1539 1704 xerx.

500 1747 535 1812 p.
554 1740 620 1790 181.
637 1739 762 1790 certum
781 1746 850 1789 esse
869 1723 993 1789 videtur
1013 1721 1194 1789 interfuisse
1208 1746 1268 1811 pro
1282 1724 1433 1789 Africani
1448 1724 1539 1790 ratio·

502 1812 598 1876 nibus
616 1833 717 1876 annos
738 1824 866 1875 tantum
880 1826 929 1875 58.
946 1810 1109 1874 mensibus
1130 1810 1257 1898 aliquot
1274 1810 1414 1875 fortasse
1434 1831 1540 1876 excur-

501 1897 657 1977 rentibus,
669 1898 753 1962 inter
767 1897 1016 1962 Ptolemaeorum
1033 1918 1184 1961 oceasum
1200 1907 1233 1960 et
1250 1895 1374 1962 Christi
1389 1915 1541 1962 resurree-

502 1983 636 2048 tionem.
1521 2001 1523 2005 ·

547 2086 632 2152 Ibid.
661 2086 685 2152 l.
711 2102 761 2152 21.
798 2074 1027 2172 inccxxve]
1057 2087 1169 2152 Edidit
1198 2085 1388 2153 Roncallius
1416 2109 1540 2178 quoque

504 2193 865 2240 mumumuccxxw.
897 2175 1049 2239 Ostendit
1062 2195 1135 2237 vero
1147 2174 1216 2260 ipsa
1254 2194 1540 2259 uoquesnnorum‚

503 2259 560 2348 qui
583 2282 679 2347 supra
701 2262 733 2325 in
757 2262 821 2327 hoc
843 2282 977 2325 recensu
999 2259 1177 2345 signantur,
1199 2197 1337 2323 collecte
1360 2259 1541 2338 summqri

502 2377 602 2444 modo
615 2378 682 2444 sani
694 2378 758 2444 sint
768 2378 904 2458 numeri,
917 2375 1120 2442 scribendum
1137 2375 1285 2440 hocloco
1297 2396 1369 2440 esse
1380 2361 1539 2444 uuxxvn

502 2491 658 2558 Attamen
673 2513 780 2557 revera
793 2491 964 2579 collegisse
979 2492 1040 2557 sibi
1056 2492 1246 2557 Africanum
1260 2512 1363 2556 annos
1380 2478 1540 2561 turtur.

503 2581 579 2643 satis
595 2600 755 2665 superque
770 2591 908 2643 constat.

547 2664 631 2728 Ibid.
648 2666 669 2728 l.
682 2679 731 2727 23.
754 2665 828 2728 anni
844 2663 1047 2748 cnxxx1v.]
1065 2665 1261 2750 Fragmento
1279 2662 1389 2729 isthoc
1405 2663 1541 2730 adducto

503 2750 548 2814 ait
562 2748 775 2827 ‘Dodwellus
790 2757 813 2789 “
825 2752 955 2813 Errores
976 2751 1063 2835 ipsos
1080 2750 1377 2837 repraesentavimus
1393 2771 1472 2816 sane
1486 2752 1542 2816 ϊω-

504 2843 527 2876 “
542 2835 693 2900 dissimos
707 2837 750 2899 im
777 2835 937 2899 eritissirni
953 2835 1084 2900 librarii.
1122 2839 1193 2902 Nec
1207 2837 1294 2900 enim
1309 2850 1403 2901 vacet
1417 2838 1542 2925 impre-

504 2927 526 2961 “
541 2921 716 2984 sentiarum
737 2857 799 2984 alia
819 2933 983 2996 annotare,
999 2943 1097 3007 quam
1112 2945 1185 3009 quae
1200 2923 1319 2986 facient
1333 2921 1376 2986 ad
1388 2922 1493 3005 illem,
1507 2922 1542 2987 de

504 3012 605 3092 “qua
620 3007 760 3156 aqimus,
775 3027 916 3071 causam.
963 3006 1049 3070 Illud
1071 3007 1179 3095 itaque
1201 3008 1360 3094 imprimis
1381 3023 1544 3075 constste

504 3097 527 3131 “
543 3093 647 3179 Synce
661 3092 704 3172 lo,
719 3109 839 3155 annum
854 3092 961 3178 ipsum
976 3113 1042 3179 quo
1056 3092 1243 3158 Chronicon
1257 3116 1353 3158 suum
1367 3094 1544 3160 tenninavit

504 3185 527 3218 ‘⁴
541 3178 723 3256 Africanus,
734 3178 832 3242 luisse
844 3179 984 3265 primum
996 3177 1049 3243 Ol.
1059 3193 1129 3243 250.
1140 3201 1207 3266 quo
1218 3179 1315 3244 fuerit
1326 3179 1465 3246 Archon
1479 3179 1543 3246 Phi·

504 3270 528 3304 “
542 3264 646 3345 lenus,
661 3264 719 3329 Ele
745 3263 829 3330 abali
845 3284 907 3329 111.
927 3264 1021 3329 Coss.
1045 3267 1148 3329 Grato
1169 3278 1203 3331 et
1224 3265 1373 3344 Seleuco,
1394 3289 1414 3330 s
1437 3265 1543 3354 primis

497 3357 528 3393 ·“
543 3351 694 3415 nimirum
717 3285 812 3415 ἔθεε.
834 3372 893 3437 pro
916 3350 1061 3414 Africani
1082 3351 1271 3429 rationibus,
1293 3351 1418 3417 vitiosis
1442 3367 1543 3418 tamen

393 3515 397 3523 ι
499 3443 527 3476 '⁴‘
543 3437 605 3501 illis
637 3456 805 3501 nccxxv.
862 3439 925 3500 Hae
955 3452 1042 3501 notae
1072 3459 1188 3501 annum
1221 3436 1544 3526 Christidesignsnt

505 3529 527 3562 “
544 3542 674 3586 ccxx1.
690 3543 749 3607 pro
766 3522 836 3585 AEr.
852 3521 977 3608 Vulg.’'
1016 3523 1104 3606 (Vid.
1119 3544 1216 3608 supra
1232 3527 1280 3600 τὴν
1297 3521 1376 3611 ῥῆσιν
1392 3528 1541 3605 xxx1x.)

505 3615 527 3648 “
544 3609 725 3756 Hucusque
760 3607 859 3693 igitur
888 3607 1075 3672 Chronieon
1105 3632 1199 3672 suum
1229 3623 1294 3672 tam
1323 3608 1543 3675 Archontius

505 3700 528 3735 “
543 3716 640 3780 quam
696 3715 760 3756 oss.
784 3715 803 3756 a
823 3693 934 3778 primis
957 3716 1058 3780 usque
1081 3695 1284 3758 Archontum
1306 3707 1339 3758 et
1364 3694 1542 3762 Consulum

505 3779 639 3843 “initiis
661 3778 849 3864 insignitum
869 3779 1039 3846 deduxisse
1055 3780 1124 3865 ipse
1139 3780 1262 3844 videtur
1276 3780 1465 3847 Africanus.
1506 3783 1544 3846 Et

505 3864 674 3951 “quidem
690 3865 717 3928 si
733 3886 791 3951 pro
807 3866 866 3929 hac
886 3867 989 3929 forma
1010 3879 1043 3929 et
1062 3866 1184 3952 reliqua
1202 3866 1382 3946 deduxerit,
1396 3889 1476 3934 curn
1492 3890 1544 3933 su·

505 3959 530 3991 ‘⁶
541 3952 590 4014 nis
617 3951 713 4015 etiam
742 3952 974 4037 Imperatorum
1002 3950 1096 4015 Coss.
1120 3953 1201 4016 alios
1225 3951 1317 4016 illum
1341 3953 1545 4039 conjunxisse

507 4041 528 4075 “
544 4051 795 4101 consentaneum
810 4050 870 4116 est,
885 4059 960 4100 cum
978 4038 1038 4102 hos
1052 4039 1139 4122 ipsos
1156 4039 1249 4102 Coss.
1265 4060 1339 4103 cum
1359 4060 1423 4103 111.
1441 4041 1544 4104 Anto·

505 4128 530 4160 “
546 4122 611 4184 nini
628 4122 793 4208 Elagabali
808 4145 891 4186 anno
905 4125 1117 4210 conjunxerit.
1141 4124 1303 4188 Nimirum
1319 4146 1441 4189 annum
1457 4126 1544 4191 illum

507 4213 530 4246 “
547 4207 709 4292 intelligit,
725 4229 789 4270 non
806 4231 870 4294 quo
887 4210 1113 4272 Monarchiam
1129 4209 1314 4273 Alexander
1333 4210 1473 4296 adeptus
1488 4224 1545 4291 est,

508 4300 531 4332 ‘⁶
546 4291 602 4355 sed
624 4315 689 4375 quo
711 4293 849 4377 primum
871 4295 1044 4379 adoptatus
1064 4311 1113 4360 est
1133 4297 1174 4358 ab
1196 4295 1376 4380 Elagabalo
1390 4309 1424 4360 et
1441 4296 1547 4361 Caessr

508 4386 531 4418 ‘⁶
546 4379 661 4452 factus,
684 4392 716 4440 et
740 4380 845 4442 socius
867 4380 900 4442 in
922 4382 1093 4467 imperio.''
1121 4384 1197 4445 Huc
1220 4403 1321 4467 usque
1343 4380 1546 4447 Dodwellus.

507 4465 624 4528 Statim
642 4476 715 4526 ente
731 4463 829 4528 habet
840 4465 1125 4530 Alexandrinorum
1140 4489 1199 4553 pro
1210 4465 1389 4530 Alexandri
1408 4468 1546 4533 Roncal-

508 4548 582 4630 lius,
596 4548 849 4636 particulamque
864 4563 895 4614 et
908 4568 982 4617 ante
993 4553 1182 4617 Antoninos
1217 4553 1283 4616 Sed
1298 4553 1417 4618 adhoc
1432 4570 1546 4618 nomen

509 4635 597 4720 quod
612 4635 738 4714 attinet,
754 4651 878 4700 eertum
900 4652 948 4702 est
967 4639 1129 4724 designari
1146 4662 1187 4704 eo
1198 4640 1409 4719 Antoninum
1431 4640 1546 4729 Elega«

502 4720 630 4802 belum,
646 4743 721 4788 cum
736 4722 827 4788 Aviti
847 4744 1030 4809 cognomen
1049 4723 1188 4792 inditum
1208 4723 1317 4790 eidem
1333 4725 1435 4792 fuisse
1451 4744 1548 4815 supr}
