4092 5675
528 791 581 858 m
602 789 748 858 anon.
765 789 904 857 aner.
926 788 1112 856 courns
1135 790 1330 860 caram.
1406 812 1446 882 97

408 968 533 1026 “totos
553 953 672 1048 iugitss’
715 963 759 1026 Et
779 960 914 1026 fortasse
934 961 975 1026 ad
990 938 1211 1028 imitationem
1234 962 1447 1051 inscriptionis

406 1047 648 1134 evangeliorum
670 1047 786 1112 titulus
807 1046 860 1112 hic
882 1049 1029 1133 praefixus
1051 1063 1110 1129 est,
1126 1050 1210 1135 λόγος
1229 1053 1305 1114 κατὰ
1324 1050 1448 1138 Ἀςὲριον

405 1137 450 1198 Οὐ
467 1131 563 1213 Garis,
579 1132 656 1198 liber
670 1143 794 1197 auctore
805 1133 928 1197 Asteria
948 1132 1079 1198 Urbano.

448 1159 654 1297 i².79.l.14.
676 1220 810 1303 λαλῦντι]
839 1224 983 1293 tatinus
1009 1221 1086 1284 MS.
1112 1221 1217 1307 Steplr.
1242 1222 1376 1322 Margg.
1399 1217 1448 1286 ed.

409 1303 526 1369 Genea.
540 1315 575 1369 et
587 1304 749 1369 Jonesiorri
766 1304 871 1389 Steplr.
889 1303 1085 1389 exemplaris.
1109 1307 1279 1372 Sruorrr.
1315 1309 1360 1371 Hr
1381 1308 1447 1373 for·

406 1403 491 1454 tasse
507 1411 569 1476 pro
590 1413 657 1455 uno
675 1401 801 1455 tantum
823 1405 904 1454 teste
925 1391 1064 1456 habendi
1084 1405 1169 1471 sunt,
1183 1407 1215 1456 et
1229 1416 1303 1458 curn
1320 1407 1450 1479 recepta

405 1475 546 1540 lectione
569 1475 648 1540 facit
669 1489 758 1540 vetus
781 1476 999 1562 interpretatio
1022 1477 1139 1564 Rrfini,
1158 1477 1303 1564 spiritum
1326 1479 1380 1567 qui
1404 1478 1449 1543 lo·

405 1559 560 1648 puelotur
574 1561 608 1626 in
623 1560 824 1626 Maximilla.

450 1645 806 1731 lbid.l.rs.,1t0pan;]
832 1646 999 1735 Oppidum
1023 1648 1147 1714 videtur
1167 1649 1265 1713 fuisse
1285 1649 1449 1739 Pamphy-

405 1732 483 1818 liae„
508 1732 608 1798 Certe
624 1734 783 1820 Ephesius
798 1757 815 1796 e
840 1733 967 1818 iscopus
984 1734 1191 1799 Comanenus
1207 1749 1403 1801 memoratur
1416 1738 1449 1801 in

405 1819 544 1906 epistola
564 1820 790 1906 episcoporum
815 1755 1012 1908 lamphyliae
1038 1822 1207 1906 provinciae
1235 1821 1276 1886 ad
1303 1823 1448 1886 Leonem

404 1905 495 1990 Aug.
508 1927 583 1992 quse
598 1908 734 1969 refertur
746 1906 780 1968 in
794 1919 884 1990 parte
899 1907 993 1969 tertia
1009 1906 1147 1970 Concilii
1161 1906 1448 1973 Chalcedonensis.

405 2011 438 2076 p.
452 2005 526 2072 391.
548 1992 758 2068 Vaeasrus.
802 1991 937 2072 Κεμάνης
960 1993 1117 2078 scriptum
1139 2007 1188 2056 est
1210 1994 1243 2056 in
1266 1992 1343 2056 MS.
1367 1994 1451 2058 Nor-

396 2069 481 2162 folc.
505 2076 688 2141 Cumanam
710 2075 873 2140 Armeniae
893 2076 1060 2156 Secundae,
1080 2079 1164 2142 sicut
1183 2091 1257 2142 ante
1282 2079 1449 2159 Baronius,

406 2162 601 2240 l’earsonius¹
611 2161 779 2248 adscripsit
794 2163 826 2225 in
845 2162 919 2225 loco
934 2161 1076 2227 indicato
1089 2164 1129 2227 ad
1144 2186 1220 2250 pag.
1234 2178 1282 2242 89.
1319 2164 1373 2228 Ad
1394 2189 1449 2229 ur·

404 2246 482 2334 bem
513 2261 624 2313 autem
657 2247 746 2334 quod
776 2248 891 2312 attinet
921 2251 1113 2332 Apameam,
1143 2249 1279 2314 dubium
1311 2250 1449 2329 videtur,

404 2347 516 2399 utrum
531 2335 689 2419 Apamea,
707 2355 780 2422 quae
795 2333 837 2396 ad
856 2334 1052 2398 Meandrurn
1069 2333 1154 2398 dicta
1173 2347 1232 2412 est,
1256 2334 1287 2397 in
1311 2335 1451 2421 Phrygia

405 2419 479 2499 sita,
494 2441 657 2507 quamque
679 2432 792 2483 auctor
813 2418 896 2482 infra
917 2435 1089 2500 memorat,
1105 2419 1303 2506 designetur,
1318 2444 1357 2484 an
1374 2423 1451 2485 urbs

402 2505 612 2590 cognominis
628 2504 715 2591 apud
729 2504 928 2592 Bithyniam.

449 2591 535 2656 Ibid.
551 2591 574 2654 l.
590 2597 636 2654 16.
659 2595 683 2654 oi
697 2592 756 2676 trapi
770 2590 939 2675 Θεμίσωνα]
958 2589 1096 2655 illustris
1110 2590 1163 2655 hic
1176 2591 1238 2654 fuit
1252 2589 1334 2654 inter
1350 2594 1450 2655 Mon·

404 2677 550 2756 tanistas‘,
567 2676 623 2763 qui
638 2699 672 2740 se
685 2678 902 2741 confessorem
918 2693 951 2739 et
966 2689 1139 2762 martyrem
1152 2676 1317 2762 jactabat3
1340 2675 1452 2742 ausu's·

405 2783 468 2849 que
483 2777 534 2827 est
548 2763 719 2849 epistolam
734 2762 925 2826 catholicam
939 2761 1087 2848 exemplo
1102 2763 1240 2849 apostoli
1257 2763 1395 2826 scribere
1410 2763 1451 2827 a'd

405 2850 571 2928 ecclesias,
593 2862 630 2913 ut
651 2871 765 2913 novam
789 2848 989 2934 prophetiam
1014 2849 1267 2912 commendaret.
1312 2851 1365 2913 De
1387 2848 1451 2915 hoc

406 2935 511 2999 multa'
533 2934 729 3021 Apollonius
749 2936 780 2998 in
800 2934 947 3019 sequenti
969 2935 1074 3019 capite
1099 2940 1206 3020 (supra
1225 2956 1258 3019 p.
1274 2938 1351 3016 56.).
1374 2932 1450 3001 Vi-

408 3040 560 3085 usssrus.
604 3021 655 3083 lbi
677 3021 788 3084 scribit
808 3020 980 3097 Eusebius,
999 3021 1208 3106 consignasse
1227 3021 1326 3084 literis
1347 3020 1451 3107 Apol-

406 3102 533 3171 lonium
559 3104 643 3170 hanc
667 3106 773 3170 Zotici
798 3105 969 3191 repulsam.
1015 3108 1056 3168 Et
1084 3106 1188 3170 simile
1214 3104 1293 3193 quid
1319 3106 1449 3191 passum

406 3192 506 3257 fixisse
521 3192 635 3256 Sotam
652 3190 801 3255 Anchiali
814 3191 901 3255 urbis
916 3190 1064 3255 Thraciae
1078 3213 1096 3252 e
1121 3194 1278 3276 iscopurn,
1294 3214 1367 3255 curn
1385 3194 1452 3256 dae-

407 3277 554 3342 monium
564 3277 723 3341 'Priscillae
740 3277 855 3364 ejicere
871 3276 1035 3354 voluisset,
1051 3214 1167 3343 AElius¹
1183 3276 1314 3340 Publius
1332 3276 1450 3358 lulius,

408 3362 543 3427 Debelti
559 3364 702 3441 antistes,
721 3362 932 3450 jurejurando
949 3374 1103 3426 testatum
1119 3361 1258 3447 reliquit.
1293 3360 1368 3426 Vid.
1385 3363 1451 3427 Sa·

406 3466 596 3599 :silom
619 3449 812 3536 Fragmenta
832 3470 928 3534 supra
944 3448 978 3512 in
992 3445 1055 3512 vol.
1072 3449 1099 3511 1.
1114 3469 1189 3534 pag.
1205 3452 1274 3525 469.
1290 3460 1324 3511 et
1338 3461 1449 3513 notam

474 3554 528 3598 ω,
852 3566 855 3573 ,

449 3620 485 3684 Ρ.
499 3631 550 3683 80.
566 3618 633 3683 l.5.
654 3616 750 3682 πλείω
769 3623 828 3703 γὰρ
849 3617 865 3696 ἢ
887 3616 1069 3704 τρισκαίδεκα
1092 3617 1150 3704 im]
1178 3621 1228 3682 Ita
1252 3640 1382 3708 quoque
1407 3618 1449 3684 ad

408 3704 666 3793 fragmentorum
681 3704 776 3768 finem
791 3719 903 3768 auctor
917 3703 973 3781 ait,
989 3704 1216 3791 τρισκαιδέκατον
1235 3705 1280 3782 ἤδη
1302 3730 1354 3768 που
1368 3711 1449 3768 τοῦτο

409 3788 465 3866 drot
473 3791 531 3854 ἀπὸ
541 3796 590 3867 τῆς
600 3789 788 3872 Μαξιμίλλης
796 3794 933 3865 τελευτῆς.
956 3793 1066 3876 Atque
1077 3791 1161 3869 inde,
1173 3792 1205 3853 ni
1215 3789 1322 3867 fallor,
1335 3789 1448 3874 depre-

409 3875 582 3941 hendenda
600 3898 674 3940 vera
696 3876 794 3961 ipsius
822 3889 899 3939 aetas
921 3890 980 3937 est.
1025 3875 1143 3940 Cavius
1168 3874 1311 3961 quidem,
1334 3896 1449 3961 quern,

409 3962 586 4027 admodum
601 3962 656 4026 alii
669 3982 809 4060 quoque,
822 3960 945 4039 statuit,
957 3961 1103 4024 floruisse
1118 3983 1192 4025 eum
1208 3961 1334 4024 circiter
1349 3983 1399 4024 an.
1414 3962 1448 4024 P.

410 4048 449 4113 C.
465 4062 534 4113 188.
570 4048 634 4112 Sed
649 4048 811 4134 scripsrsse
831 4044 968 4109 eundem
984 4060 1060 4131 post
1073 4046 1285 4131 Apollonium
1301 4046 1449 4110 Valesius

409 4134 562 4201 ostendit.
591 4133 785 4219 Apollonius
797 4132 894 4208 enim,
906 4131 961 4216 qui
972 4130 1183 4219 quadraginta
1194 4154 1294 4195 annos
1303 4131 1449 4221 comple·

409 4232 459 4285 tos
474 4221 574 4285 tuisse
588 4219 697 4313 prodit
709 4219 750 4282 ab
765 4218 856 4281 initio
872 4217 1001 4280 haeresis
1017 4218 1170 4281 Montani
1184 4218 1225 4281 ad
1241 4234 1367 4304 tempus
1383 4240 1449 4305 quo

410 4305 476 4391 ipse
492 4306 658 4384 scriberet,
671 4304 777 4368 adhuc
797 4303 966 4388 superstite
981 4305 1142 4367 Montano
1157 4326 1230 4367 curn
1246 4303 1450 4389 prophetissa

410 4392 477 4478 ejus
487 4412 573 4477 opus
584 4412 678 4454 suum
692 4390 912 4474 composuisse
923 4388 1066 4467 videtur3
1082 4388 1159 4453 dum
1176 4390 1254 4453 alter
1269 4389 1321 4452 hic
1335 4401 1450 4453 auctor

410 4488 545 4541 testatur
568 4497 603 4539 se
629 4474 782 4539 tredecim
805 4496 905 4537 annos
927 4488 1003 4559 post
1027 4474 1177 4539 Montani
1200 4488 1233 4537 et
1258 4472 1449 4536 Maximillae

410 4562 533 4627 obitum
549 4583 609 4624 sua
624 4560 797 4645 scripsisse.
827 4559 911 4625 Vide
924 4559 1090 4623 Valesiurn
1107 4582 1203 4645 supra
1216 4558 1256 4621 ad
1272 4560 1448 4622 Arosno·

413 4666 474 4711 tur
494 4648 700 4732 fragmenta,
715 4666 747 4730 p.
760 4652 811 4709 68.
857 4642 944 4707 Cum
966 4666 1040 4708 vero
1063 4646 1221 4709 Eusebius
1242 4644 1274 4706 in
1301 4644 1448 4729 Chronico

411 4750 492 4796 auno
505 4746 581 4817 post
596 4731 763 4795 Christum
780 4744 846 4805 172.
861 4730 1134 4795 Montanistaruur
1147 4746 1254 4795 ortum
1269 4726 1449 4813 assignate-

452 4836 540 4882 νοτ..
558 4837 602 4881 ιι.
937 4835 962 4877 rr
