4092 5675
658 777 712 849 IN
733 778 957 848 AFRICANI
980 775 1239 849 CHRONICA.
1399 802 1466 876 339

428 946 567 1022 Wndoi.
582 952 639 1018 lib.
653 953 680 1017 Ι.
694 969 773 1039 pag.
786 963 852 1017 141.
865 950 922 1016 ubi
933 949 1076 1016 Africani
1091 952 1196 1031 verba,
1210 950 1268 1017 sed
1282 962 1407 1019 tantum
1420 954 1465 1023 ad

422 1061 523 1105 voces
536 1040 580 1104 isi
594 1041 654 1127 γὰρ
665 1045 716 1103 τοῦ
732 1039 860 1124 §oriere
878 1036 920 1101 ad
942 1036 965 1100 l.
979 1043 1009 1100 6.
1024 1057 1058 1122 p.
1076 1051 1143 1102 185.
1157 1061 1197 1103 ex
1210 1038 1311 1104 MSto
1324 1040 1462 1106 afferun-

423 1138 492 1190 tur.
530 1126 751 1211 Hieronymus
766 1123 914 1209 denique,
928 1122 985 1185 ubi
1005 1144 1044 1186 su
1066 1145 1111 1201 ra,
1126 1122 1166 1187 de
1188 1123 1301 1189 eadem
1318 1124 1463 1193 Africani

419 1211 502 1298 ῥίου
515 1210 661 1298 loquitur
681 1209 731 1273 his
746 1207 860 1273 verbis.
897 1206 965 1272 Scis
985 1206 1023 1272 de
1084 1230 1100 1271 c
1119 1208 1290 1296 qaeestione
1303 1208 1341 1275 ab
1356 1212 1459 1277 erudi-

420 1295 557 1361 tissimis
571 1295 649 1360 viris
660 1292 746 1359 varie
758 1294 972 1378 disputatum:
995 1302 1026 1356 et
1039 1315 1284 1391 unamquemque
1295 1312 1351 1381 pro
1367 1308 1461 1381 coptu

421 1380 547 1468 ingenii
558 1381 607 1445 sai
621 1378 736 1445 diense
750 1378 831 1466 qaod
842 1386 988 1443 senserat.
1035 1378 1119 1465 Quia
1137 1380 1237 1466 igitar
1254 1381 1460 1464 periculosam

417 1478 472 1532 est
484 1467 525 1531 de
540 1466 762 1554 mgistrorum
783 1463 919 1528 ecclesiae
932 1461 1078 1548 judicare
1093 1464 1264 1545 sententiis,
1279 1466 1427 1532 etaltera

411 1547 1459 1723 -gffiafflugfflppgmusefflmn

410 1723 518 1788 'cartus
536 1722 570 1786 in
605 1722 691 1788 uinto
713 1682 882 1806 impuram
903 1719 1057 1784 volumine
1072 1720 1109 1783 de
1127 1733 1235 1804 septas
1259 1638 1456 1789 inmisisti-

418 1806 564 1874 madibus
659 1806 777 1872 ἰουυίυο
789 1807 832 1870 ad
843 1806 968 1871 verbam
982 1816 1051 1870 est:
1078 1745 1352 1875 CAP1TtiLUM
1367 1810 1457 1897 quod

418 1891 485 1957 &e
509 1894 612 1959 ¹Tum
626 1906 702 1981 post
719 1892 863 1958 Africani
881 1913 1002 1957 versam
1019 1891 1054 1955 in
1070 1891 1219 1956 Latinam
1237 1894 1381 1981 linguam
1400 1918 1456 1961 ex-

414 1977 627 2062 plicationem
647 1991 763 2043 catera
785 1999 880 2064 super
900 1976 1014 2043 eadem
1035 1998 1070 2043 re
1093 1978 1235 2058 Eusebii,
1252 1980 1456 2066 Apollinarii,

412 2062 622 2152 aliorumque
634 2065 914 2149 interpretamenta
927 2062 1037 2148 posuit
1050 2062 1256 2129 doctissimus
1271 2072 1372 2151 pater.

463 2147 502 2212 P.
514 2164 583 2214 185.
599 2150 622 2214 1.
636 2155 684 2214 16.
704 2156 753 2213 τοῦ
767 2149 958 2260 ἀποκεοθῆυου]
976 2149 1027 2213 lta
1040 2149 1147 2212 LXX.
1160 2149 1320 2218 senioreti.

462 2231 500 2299 P.
514 2241 583 2300 1⁸6.
596 2235 620 2299 l.
635 2249 682 2299 10.
705 2235 803 2317 ἔμενον
825 2259 869 2297 ουν
888 2232 936 2305 ἕως
957 2232 1077 2314 Νεεμίου
1098 2235 1145 2296 καὶ
1167 2234 1315 2314 βασιλείοις
1329 2237 1455 2323 Ἀρταξ-

413 2317 510 2406 δρξου]
525 2320 589 2386 Sed
604 2333 636 2385 et
650 2322 734 2385 Ezra
748 2320 790 2383 ab
808 2319 985 2383 Artaxerxe
1005 2339 1082 2403 rege
1100 2318 1363 2407 Hierosolymam
1378 2322 1455 2388 mis·

411 2425 473 2470 stus
487 2406 603 2486 fuerat,
621 2418 659 2472 ut
675 2405 758 2471 liber
771 2403 840 2491 ejus
855 2402 961 2481 docet,
977 2425 1017 2468 ex
1031 2425 1096 2490 quo
1110 2403 1165 2470 illa
1180 2405 1219 2469 de
1233 2406 1407 2473 Artaxerxe
1422 2422 1456 2474 et

415 2490 521 2556 Fsdra
535 2491 671 2557 narravit
686 2490 857 2555 Africanus
873 2488 914 2553 ad
928 2491 1032 2554 Num.
1050 2509 1157 2556 που.
1198 2537 1206 2554 .
1222 2504 1289 2567 175.

460 2576 547 2641 Ibid.
572 2577 621 2641 καὶ
635 2583 683 2655 τῆς
696 2582 815 2661 Περσῶν
829 2574 975 2660 ἡγεμονίας
995 2573 1068 2648 ἔτους
1083 2574 1155 2675 ptest]
1172 2514 1304 2642 ilsitata
1318 2588 1369 2643 est
1383 2577 1453 2644 haec

410 2682 574 2728 annorum
588 2662 788 2748 computatio
808 2662 850 2725 ab
871 2660 952 2726 inito
974 2660 1100 2724 Persico
1118 2661 1253 2747 imperio
1271 2662 1313 2730 ad
1332 2685 1454 2732 annum
1586 2717 1589 2742 ,

415 2746 602 2812 Artaxerxis
622 2746 818 2833 Longirnani
840 2745 1037 2823 vicesimum,
1052 2745 1138 2810 unde
1158 2769 1325 2814 numerare
1346 2751 1455 2840 pergit

410 2832 622 2921 septuaginta
636 2832 707 2898 illas
724 2831 945 2898 hebdomadas
959 2830 1142 2897 Africanus.

444 2919 546 2984 ibid.
559 2919 583 2984 l.
600 2933 648 2985 12.
671 2920 725 2982 ἀπὸ
740 2920 767 2983 δὲ
781 2924 828 2995 τῆς
842 2919 972 2992 οἱλώοοους
985 2918 1168 3002 Ἰερουσαλὴμ
1183 2917 1251 3006 prrs'.
1268 2920 1313 3000 ἔτη
1330 2919 1450 3007 γῖυοτου]

408 3003 463 3069 At
475 3005 747 3070 consentientibus
765 3004 834 3068 aliis
852 3003 1014 3081 omnibus,
1031 3002 1269 3091 Hierosolyma
1286 3028 1453 3094 expugna·

410 3089 474 3169 tio,
488 3110 555 3155 nou
569 3089 782 3177 septuaginta,
796 3101 892 3176 prout
913 3087 965 3152 hic
983 3102 1216 3174 praesumptum
1231 3107 1291 3169 est,
1306 3092 1363 3157 sed
1379 3110 1456 3159 tan·

409 3186 487 3240 tum
500 3175 633 3263 triginta
649 3173 776 3240 circiter
797 3195 895 3238 annos
910 3185 984 3239 ante
999 3173 1161 3238 Persicum
1177 3173 1207 3237 C
1247 3177 1258 3239 i
1280 3176 1452 3263 imperium

407 3261 564 3349 contigit.
607 3263 704 3326 Error
718 3272 828 3326 autem
841 3281 880 3323 ex
894 3280 934 3323 eo
946 3269 1038 3322 crtus
1051 3271 1111 3336 est,
1125 3280 1171 3344 qu
1231 3259 1311 3346 Cyri
1330 3283 1451 3329 annum

409 3345 556 3447 primum
565 3345 604 3411 in
618 3359 637 3410 2
651 3346 764 3410 Circa.
778 3366 850 3430 cap.
865 3343 924 3409 ult.
939 3356 972 3408 et
986 3342 1078 3406 Εοοοο
1094 3364 1167 3430 cap.
1182 3346 1203 3407 i.
1222 3359 1451 3427 memoratum,

410 3431 542 3497 mitium
558 3453 629 3497 esse
649 3431 765 3496 Persici
784 3428 948 3516 regiminis
964 3427 1054 3515 Cyri,
1070 3449 1134 3492 non
1150 3430 1241 3516 regni
1256 3429 1326 3518 ejus
1341 3431 1451 3521 Baby·

410 3516 632 3604 ioniciquod.
647 3516 807 3602 posterius
829 3516 902 3595 fuit,
925 3512 1063 3579 credidit
1086 3513 1268 3579 Africanus.
1313 3517 1451 3585 Ineunte

407 3603 498 3668 enim
512 3602 713 3689 Babylonico
729 3601 809 3689 Cyri
822 3600 968 3686 imperio,
983 3599 1063 3665 finiti
1075 3620 1146 3665 esse
1161 3601 1306 3666 videntur
1318 3616 1450 3689 septua-

405 3686 505 3773 ginta
519 3687 677 3753 servitutis
688 3687 774 3765 anni,
787 3709 869 3773 quos
883 3685 1063 3750 Hieremias
1076 3685 1235 3773 propheta
1272 3687 1450 3769 raedixerat,

363 3780 366 3785 '
407 3773 474 3839 etsi
486 3785 539 3845 tot
553 3773 628 3838 anni
642 3772 728 3838 haud
742 3773 845 3837 exacti
859 3785 964 3836 essent
977 3793 997 3836 a
1011 3773 1113 3856 captis
1127 3786 1223 3859 atque
1259 3772 1349 3838 eletis
1363 3775 1449 3839 Hie·

406 3857 596 3946 rosolymis,
611 3858 666 3923 sed
688 3859 730 3923 ab
750 3879 834 3923 anno
856 3857 1022 3924 Jechoniae
1044 3856 1130 3943 regis
1151 3871 1276 3947 quarto,
1294 3873 1449 3951 utsupra

407 3957 559 4010 notatum
574 3957 624 4010 est
638 3945 680 4008 ad
694 3945 796 4008 Num.
814 3962 914 4008 xxn.
930 3964 963 4028 p.
977 3955 1048 4022 294.

453 4031 490 4095 P.
505 4042 574 4106 187.
596 4030 619 4094 l.
642 4044 690 4095 tc.
725 4034 761 4103 εἰς
783 4028 828 4107 ἔτη
848 4028 998 4116 τριακόσια
1022 4025 1233 4114 [titurium]
1259 4028 1445 4099 Delendum

406 4127 460 4181 est
472 4114 561 4181 istud
574 4113 768 4198 ἑὸδομήκουτα,
784 4115 873 4202 quod
888 4115 980 4180 abest
995 4134 1014 4177 a
1028 4112 1125 4178 MSto
1142 4112 1270 4178 Etuebii
1287 4115 1321 4179 V
1319 4115 1444 4183 indulto·

404 4201 508 4280 usust
522 4221 626 4288 neque
647 4201 689 4264 ab
710 4200 914 4286 Hieronymo
936 4201 1099 4265 inventum
1113 4212 1182 4278 est;
1205 4198 1266 4266 nisi
1278 4199 1360 4269 illud
1375 4206 1445 4273 iaris

404 4285 513 4364 etna,
524 4285 613 4373 quod
626 4297 735 4351 tsmen
746 4307 811 4351 non
823 4298 914 4372 puto,
927 4286 960 4350 in
974 4284 1047 4372 ῥῆσα
1061 4304 1168 4349 xsnr.
1180 4284 1221 4349 ad
1233 4306 1266 4372 p.
1279 4300 1347 4352 181.
1361 4288 1383 4352 l.
1396 4305 1444 4355 12.

402 4370 479 4437 e'us
492 4371 568 4436 loco
581 4370 802 4437 sufficiendum
817 4373 869 4437 sit.
913 4369 1049 4456 Respuit
1061 4369 1148 4434 enim
1162 4390 1293 4456 prorsus
1306 4373 1443 4440 alterurn

402 4395 593 4540 tiiopixom
606 4479 680 4522 cum
695 4456 828 4523 collatio
843 4456 961 4521 horum
973 4476 1130 4520 annorum
1144 4453 1227 4521 infra
1240 4457 1356 4556 posita,
1371 4468 1444 4527 tum

401 4543 609 4630 computatio
622 4542 777 4630 temporis
795 4564 814 4605 a
834 4541 897 4606 fine
917 4540 1033 4607 Persici
1052 4540 1095 4604 im
1120 4541 1187 4622 erii,
1203 4540 1443 4629 primordioque

401 4627 625 4709 Macedonici,
646 4629 711 4695 sive
733 4627 840 4692 Graeci
864 4626 1046 4707 orientalis,
1067 4561 1119 4691 ati
1133 4647 1236 4714 usque
1262 4625 1444 4714 Cleopatrae

401 4726 559 4794 mortem,
571 4736 649 4781 curn
662 4734 726 4802 qua
737 4711 833 4783 desiit
847 4712 1037 4780 Graecorum
1050 4733 1203 4800 regnum.-

902 4811 956 4866 aa
