<?xml version="1.0" encoding="UTF-8"?>
<!DOCTYPE html PUBLIC "-//W3C//DTD XHTML 1.0 Transitional//EN"
    "http://www.w3.org/TR/xhtml1/DTD/xhtml1-transitional.dtd">
<html xmlns="http://www.w3.org/1999/xhtml" xml:lang="en" lang="en">
 <head>
  <title>
</title>
<meta http-equiv="Content-Type" content="text/html;charset=utf-8" />
  <meta name='ocr-system' content='tesseract 3.04.00' />
  <meta name='ocr-capabilities' content='ocr_page ocr_carea ocr_par ocr_line ocrx_word'/>
</head>
<body>
  <div class='ocr_page' id='page_1' title='image "./reliquiaesacrae09routgoog_0267.png"; bbox 0 0 4092 5675; ppageno 0'>
   <div class='ocr_carea' id='block_1_1' title="bbox 731 752 1538 841">
    <p class='ocr_par' dir='ltr' id='par_1_1' title="bbox 731 752 1538 841">
     <span class='ocr_line' id='line_1_1' title="bbox 731 752 1538 841; baseline 0 -19"><span class='ocrx_word' id='word_1_1' title='bbox 731 759 784 824; x_wconf 96' lang='lat' dir='ltr'><strong>IN</strong></span> <span class='ocrx_word' id='word_1_2' title='bbox 805 754 1028 822; x_wconf 87' lang='lat' dir='ltr'>AFRICANI</span> <span class='ocrx_word' id='word_1_3' title='bbox 1052 752 1308 821; x_wconf 87' lang='lat' dir='ltr'><strong>CHRONICA.</strong></span> <span class='ocrx_word' id='word_1_4' title='bbox 1476 759 1538 841; x_wconf 75' lang='lat'><strong>267</strong></span> 
     </span>
    </p>
   </div>
   <div class='ocr_carea' id='block_1_2' title="bbox 453 925 1618 1956">
    <p class='ocr_par' dir='ltr' id='par_1_2' title="bbox 499 925 1544 1078">
     <span class='ocr_line' id='line_1_2' title="bbox 499 925 1544 1015; baseline 0.002 -23"><span class='ocrx_word' id='word_1_5' title='bbox 499 925 634 993; x_wconf 84' lang='lat' dir='ltr'><strong>nomina</strong></span> <span class='ocrx_word' id='word_1_6' title='bbox 655 925 696 991; x_wconf 82' lang='lat' dir='ltr'><strong>ad</strong></span> <span class='ocrx_word' id='word_1_7' title='bbox 718 927 877 993; x_wconf 85' lang='lat' dir='ltr'><strong>decimam</strong></span> <span class='ocrx_word' id='word_1_8' title='bbox 898 928 1070 1015; x_wconf 85' lang='lat' dir='ltr'>septimam</span> <span class='ocrx_word' id='word_1_9' title='bbox 1090 926 1263 1006; x_wconf 82' lang='lat' dir='ltr'><strong>transtulit,</strong></span> <span class='ocrx_word' id='word_1_10' title='bbox 1278 926 1365 991; x_wconf 92' lang='lat' dir='ltr'><strong>hunc</strong></span> <span class='ocrx_word' id='word_1_11' title='bbox 1383 931 1492 1013; x_wconf 83' lang='lat' dir='ltr'><strong>regem</strong></span> <span class='ocrx_word' id='word_1_12' title='bbox 1509 939 1544 995; x_wconf 89' lang='lat' dir='ltr'><strong>et</strong></span> 
     </span>
     <span class='ocr_line' id='line_1_3' title="bbox 501 1013 1052 1078; baseline -0.002 -1"><span class='ocrx_word' id='word_1_13' title='bbox 501 1014 600 1077; x_wconf 83' lang='lat' dir='ltr'><strong>Staan</strong></span> <span class='ocrx_word' id='word_1_14' title='bbox 616 1034 834 1078; x_wconf 79' lang='lat' dir='ltr'><strong>successorem</strong></span> <span class='ocrx_word' id='word_1_15' title='bbox 848 1013 918 1078; x_wconf 86' lang='lat' dir='ltr'><strong>e&#39;us</strong></span> <span class='ocrx_word' id='word_1_16' title='bbox 933 1014 1052 1078; x_wconf 92' lang='lat' dir='ltr'><strong>amisit.</strong></span> 
     </span>
    </p>

    <p class='ocr_par' dir='ltr' id='par_1_3' title="bbox 453 1097 1543 1613">
     <span class='ocr_line' id='line_1_4' title="bbox 544 1097 1541 1185; baseline 0.002 -24"><span class='ocrx_word' id='word_1_17' title='bbox 544 1100 767 1163; x_wconf 84' lang='grc' dir='ltr'><strong>Ρ.141.1.10.</strong></span> <span class='ocrx_word' id='word_1_18' title='bbox 793 1102 893 1166; x_wconf 73' lang='grc' dir='ltr'><strong><em>Στααν</em></strong></span> <span class='ocrx_word' id='word_1_19' title='bbox 914 1100 958 1176; x_wconf 73' lang='grc' dir='ltr'><strong>ἔτη</strong></span> <span class='ocrx_word' id='word_1_20' title='bbox 982 1099 1028 1184; x_wconf 83' lang='grc' dir='ltr'><strong>ν’.]</strong></span> <span class='ocrx_word' id='word_1_21' title='bbox 1056 1098 1208 1164; x_wconf 82' lang='lat' dir='ltr'><strong>Mouetho</strong></span> <span class='ocrx_word' id='word_1_22' title='bbox 1231 1097 1316 1184; x_wconf 87' lang='lat' dir='ltr'><strong>apud</strong></span> <span class='ocrx_word' id='word_1_23' title='bbox 1339 1098 1541 1185; x_wconf 90' lang='lat' dir='ltr'><strong>Josephum:</strong></span> 
     </span>
     <span class='ocr_line' id='line_1_5' title="bbox 497 1184 1542 1271; baseline 0.003 -25"><span class='ocrx_word' id='word_1_24' title='bbox 497 1184 603 1258; x_wconf 66' lang='lat' dir='ltr'><strong>&#39;larius</strong></span> <span class='ocrx_word' id='word_1_25' title='bbox 622 1184 685 1263; x_wconf 79' lang='lat' dir='ltr'><strong>(rel</strong></span> <span class='ocrx_word' id='word_1_26' title='bbox 706 1197 743 1248; x_wconf 85' lang='lat' dir='ltr'><strong>ut</strong></span> <span class='ocrx_word' id='word_1_27' title='bbox 761 1184 861 1271; x_wconf 83' lang='lat' dir='ltr'>aliqui</span> <span class='ocrx_word' id='word_1_28' title='bbox 879 1186 926 1249; x_wconf 90' lang='lat' dir='ltr'><strong>ibi</strong></span> <span class='ocrx_word' id='word_1_29' title='bbox 947 1185 1062 1270; x_wconf 82' lang='lat' dir='ltr'><strong>legunt</strong></span> <span class='ocrx_word' id='word_1_30' title='bbox 1079 1188 1195 1266; x_wconf 78' lang='lat' dir='ltr'><strong>&#39;larrol;)</strong></span> <span class='ocrx_word' id='word_1_31' title='bbox 1215 1185 1390 1262; x_wconf 70' lang='grc' dir='ltr'><strong><em>πεντήκοντα</em></strong></span> <span class='ocrx_word' id='word_1_32' title='bbox 1406 1187 1453 1247; x_wconf 76' lang='lat' dir='ltr'><strong>nul</strong></span> <span class='ocrx_word' id='word_1_33' title='bbox 1468 1192 1542 1267; x_wconf 74' lang='grc' dir='ltr'><strong>μῆνα</strong></span> 
     </span>
     <span class='ocr_line' id='line_1_6' title="bbox 498 1268 1542 1357; baseline 0.005 -26"><span class='ocrx_word' id='word_1_34' title='bbox 498 1268 561 1347; x_wconf 73' lang='grc' dir='ltr'><strong>ἕνα,</strong></span> <span class='ocrx_word' id='word_1_35' title='bbox 578 1269 635 1334; x_wconf 86' lang='lat' dir='ltr'><strong>sed</strong></span> <span class='ocrx_word' id='word_1_36' title='bbox 651 1270 771 1335; x_wconf 87' lang='lat' dir='ltr'>ibidem</span> <span class='ocrx_word' id='word_1_37' title='bbox 786 1293 842 1334; x_wconf 88' lang='lat' dir='ltr'><strong>rex</strong></span> <span class='ocrx_word' id='word_1_38' title='bbox 857 1270 918 1334; x_wconf 91' lang='lat' dir='ltr'><strong>iste</strong></span> <span class='ocrx_word' id='word_1_39' title='bbox 931 1271 1006 1336; x_wconf 91' lang='lat' dir='ltr'><strong>loco</strong></span> <span class='ocrx_word' id='word_1_40' title='bbox 1026 1270 1141 1335; x_wconf 90' lang='lat' dir='ltr'><strong>ultimo</strong></span> <span class='ocrx_word' id='word_1_41' title='bbox 1156 1284 1313 1335; x_wconf 89' lang='lat' dir='ltr'><strong>censetur.</strong></span> <span class='ocrx_word' id='word_1_42' title='bbox 1357 1270 1448 1335; x_wconf 87' lang='lat' dir='ltr'><strong>Male</strong></span> <span class='ocrx_word' id='word_1_43' title='bbox 1462 1292 1542 1357; x_wconf 84' lang='lat' dir='ltr'><strong>ergo</strong></span> 
     </span>
     <span class='ocr_line' id='line_1_7' title="bbox 500 1353 1539 1442; baseline 0.002 -23"><span class='ocrx_word' id='word_1_44' title='bbox 500 1354 648 1441; x_wconf 82' lang='lat' dir='ltr'>Scaliger</span> <span class='ocrx_word' id='word_1_45' title='bbox 661 1354 707 1433; x_wconf 75' lang='grc' dir='ltr'><strong>ἔτη</strong></span> <span class='ocrx_word' id='word_1_46' title='bbox 723 1353 758 1434; x_wconf 80' lang='grc' dir='ltr'><strong>η’.</strong></span> <span class='ocrx_word' id='word_1_47' title='bbox 773 1378 832 1442; x_wconf 93' lang='lat' dir='ltr'><strong>pro</strong></span> <span class='ocrx_word' id='word_1_48' title='bbox 848 1355 893 1434; x_wconf 68' lang='grc' dir='ltr'><strong>ἔτη</strong></span> <span class='ocrx_word' id='word_1_49' title='bbox 908 1354 940 1420; x_wconf 82' lang='grc' dir='ltr'><strong>ν’.</strong></span> <span class='ocrx_word' id='word_1_50' title='bbox 955 1357 1064 1420; x_wconf 87' lang='lat' dir='ltr'><strong>habet.</strong></span> <span class='ocrx_word' id='word_1_51' title='bbox 1536 1395 1539 1400; x_wconf 95' lang='lat'>·</span> 
     </span>
     <span class='ocr_line' id='line_1_8' title="bbox 453 1437 1543 1529; baseline 0.006 -29"><span class='ocrx_word' id='word_1_52' title='bbox 453 1495 460 1500; x_wconf 93' lang='lat'>.</span> <span class='ocrx_word' id='word_1_53' title='bbox 545 1439 630 1504; x_wconf 93' lang='lat' dir='ltr'><strong>Ibid.</strong></span> <span class='ocrx_word' id='word_1_54' title='bbox 646 1440 669 1504; x_wconf 90' lang='lat' dir='ltr'><strong>l.</strong></span> <span class='ocrx_word' id='word_1_55' title='bbox 687 1458 735 1504; x_wconf 89' lang='lat'><strong>11.</strong></span> <span class='ocrx_word' id='word_1_56' title='bbox 751 1437 883 1529; x_wconf 69' lang='grc' dir='ltr'>*Αρχλης</span> <span class='ocrx_word' id='word_1_57' title='bbox 899 1443 943 1518; x_wconf 77' lang='grc' dir='ltr'><strong>ἔτη</strong></span> <span class='ocrx_word' id='word_1_58' title='bbox 958 1440 1035 1525; x_wconf 57' lang='lat' dir='ltr'><strong>pist]</strong></span> <span class='ocrx_word' id='word_1_59' title='bbox 1053 1440 1158 1515; x_wconf 66' lang='lat' dir='ltr'><strong>*Aaou</strong></span> <span class='ocrx_word' id='word_1_60' title='bbox 1173 1440 1333 1505; x_wconf 88' lang='lat' dir='ltr'><strong>Manetho</strong></span> <span class='ocrx_word' id='word_1_61' title='bbox 1348 1441 1435 1526; x_wconf 90' lang='lat' dir='ltr'><strong>apud</strong></span> <span class='ocrx_word' id='word_1_62' title='bbox 1448 1442 1543 1507; x_wconf 87' lang='lat' dir='ltr'><strong>Jose-</strong></span> 
     </span>
     <span class='ocr_line' id='line_1_9' title="bbox 500 1524 1542 1613; baseline 0.005 -24"><span class='ocrx_word' id='word_1_63' title='bbox 500 1524 619 1612; x_wconf 82' lang='lat' dir='ltr'><strong>phurn,</strong></span> <span class='ocrx_word' id='word_1_64' title='bbox 629 1531 781 1613; x_wconf 57' lang='lat' dir='ltr'><strong>piumque</strong></span> <span class='ocrx_word' id='word_1_65' title='bbox 792 1529 836 1590; x_wconf 77' lang='lat' dir='ltr'><strong>hh</strong></span> <span class='ocrx_word' id='word_1_66' title='bbox 848 1527 950 1607; x_wconf 88' lang='lat' dir='ltr'><strong>addit,</strong></span> <span class='ocrx_word' id='word_1_67' title='bbox 961 1528 1038 1592; x_wconf 92' lang='lat' dir='ltr'><strong>dum</strong></span> <span class='ocrx_word' id='word_1_68' title='bbox 1049 1550 1150 1591; x_wconf 88' lang='lat' dir='ltr'><strong>annos</strong></span> <span class='ocrx_word' id='word_1_69' title='bbox 1163 1543 1209 1604; x_wconf 84' lang='lat'><strong>19.</strong></span> <span class='ocrx_word' id='word_1_70' title='bbox 1223 1527 1378 1591; x_wconf 87' lang='lat' dir='ltr'><strong>Eusebius</strong></span> <span class='ocrx_word' id='word_1_71' title='bbox 1391 1526 1542 1613; x_wconf 87' lang='lat' dir='ltr'><strong>dempsit.</strong></span> 
     </span>
    </p>

    <p class='ocr_par' dir='ltr' id='par_1_4' title="bbox 502 1611 1618 1956">
     <span class='ocr_line' id='line_1_10' title="bbox 545 1611 1542 1698; baseline 0.002 -23"><span class='ocrx_word' id='word_1_72' title='bbox 545 1611 631 1676; x_wconf 92' lang='lat' dir='ltr'><strong>Ibid.</strong></span> <span class='ocrx_word' id='word_1_73' title='bbox 646 1612 668 1675; x_wconf 88' lang='lat' dir='ltr'><strong>l.</strong></span> <span class='ocrx_word' id='word_1_74' title='bbox 687 1628 732 1675; x_wconf 79' lang='lat'><strong>12.</strong></span> <span class='ocrx_word' id='word_1_75' title='bbox 750 1611 888 1696; x_wconf 59' lang='lat' dir='ltr'><strong>*Apaird</strong></span> <span class='ocrx_word' id='word_1_76' title='bbox 908 1616 958 1676; x_wconf 91' lang='lat' dir='ltr'><strong>Ita</strong></span> <span class='ocrx_word' id='word_1_77' title='bbox 970 1636 1045 1678; x_wconf 90' lang='lat' dir='ltr'><strong>cum</strong></span> <span class='ocrx_word' id='word_1_78' title='bbox 1069 1640 1091 1675; x_wconf 84' lang='lat' dir='ltr'><strong>a</strong></span> <span class='ocrx_word' id='word_1_79' title='bbox 1112 1612 1268 1698; x_wconf 83' lang='lat' dir='ltr'><strong>Scaliger,</strong></span> <span class='ocrx_word' id='word_1_80' title='bbox 1283 1613 1429 1677; x_wconf 88' lang='lat' dir='ltr'><strong>firmante</strong></span> <span class='ocrx_word' id='word_1_81' title='bbox 1444 1613 1542 1678; x_wconf 89' lang='lat' dir='ltr'><strong>MSta</strong></span> 
     </span>
     <span class='ocr_line' id='line_1_11' title="bbox 502 1695 1544 1785; baseline 0.005 -25"><span class='ocrx_word' id='word_1_82' title='bbox 502 1695 602 1760; x_wconf 82' lang='lat' dir='ltr'><strong>altera</strong></span> <span class='ocrx_word' id='word_1_83' title='bbox 616 1697 799 1761; x_wconf 74' lang='lat' dir='ltr'><strong>Parisieusz‘.</strong></span> <span class='ocrx_word' id='word_1_84' title='bbox 825 1699 889 1762; x_wconf 89' lang='lat' dir='ltr'><strong>Sed</strong></span> <span class='ocrx_word' id='word_1_85' title='bbox 906 1697 1045 1785; x_wconf 80' lang='lat' dir='ltr'><strong>Syncellr‘</strong></span> <span class='ocrx_word' id='word_1_86' title='bbox 1061 1709 1164 1763; x_wconf 78' lang='lat' dir='ltr'><strong>textus</strong></span> <span class='ocrx_word' id='word_1_87' title='bbox 1182 1696 1473 1779; x_wconf 63' lang='lat' dir='ltr'><strong>Goarinushtata,</strong></span> <span class='ocrx_word' id='word_1_88' title='bbox 1486 1699 1544 1765; x_wconf 90' lang='lat' dir='ltr'><strong>ubi</strong></span> 
     </span>
     <span class='ocr_line' id='line_1_12' title="bbox 503 1782 1618 1871; baseline 0.003 -25"><span class='ocrx_word' id='word_1_89' title='bbox 503 1783 631 1847; x_wconf 85' lang='lat' dir='ltr'><strong>Goarus</strong></span> <span class='ocrx_word' id='word_1_90' title='bbox 652 1782 693 1847; x_wconf 90' lang='lat' dir='ltr'><strong>ad</strong></span> <span class='ocrx_word' id='word_1_91' title='bbox 714 1806 817 1871; x_wconf 82' lang='lat' dir='ltr'><strong>marg.</strong></span> <span class='ocrx_word' id='word_1_92' title='bbox 836 1786 981 1869; x_wconf 88' lang='lat' dir='ltr'><strong>reposuit</strong></span> <span class='ocrx_word' id='word_1_93' title='bbox 996 1784 1133 1867; x_wconf 54' lang='lat' dir='ltr'><strong>*Apama</strong></span> <span class='ocrx_word' id='word_1_94' title='bbox 1151 1784 1252 1871; x_wconf 91' lang='lat' dir='ltr'><strong>qnod,</strong></span> <span class='ocrx_word' id='word_1_95' title='bbox 1268 1784 1318 1849; x_wconf 87' lang='lat' dir='ltr'><strong>vel</strong></span> <span class='ocrx_word' id='word_1_96' title='bbox 1333 1784 1471 1866; x_wconf 78' lang='grc' dir='ltr'><strong>Ἀπωφις,</strong></span> <span class='ocrx_word' id='word_1_97' title='bbox 1486 1806 1543 1849; x_wconf 86' lang='lat' dir='ltr'><strong>ex·</strong></span> <span class='ocrx_word' id='word_1_98' title='bbox 1615 1855 1618 1862; x_wconf 54' lang='grc'><strong>,</strong></span> 
     </span>
     <span class='ocr_line' id='line_1_13' title="bbox 502 1867 1542 1956; baseline 0.003 -24"><span class='ocrx_word' id='word_1_99' title='bbox 502 1867 596 1934; x_wconf 88' lang='lat' dir='ltr'><strong>hibet</strong></span> <span class='ocrx_word' id='word_1_100' title='bbox 609 1869 762 1933; x_wconf 82' lang='lat' dir='ltr'><strong>Muuetho</strong></span> <span class='ocrx_word' id='word_1_101' title='bbox 777 1871 862 1955; x_wconf 85' lang='lat' dir='ltr'><strong>apud</strong></span> <span class='ocrx_word' id='word_1_102' title='bbox 882 1871 1059 1935; x_wconf 87' lang='lat' dir='ltr'><strong>Eusebium</strong></span> <span class='ocrx_word' id='word_1_103' title='bbox 1079 1885 1113 1935; x_wconf 90' lang='lat' dir='ltr'><strong>et</strong></span> <span class='ocrx_word' id='word_1_104' title='bbox 1127 1871 1306 1956; x_wconf 84' lang='lat' dir='ltr'><strong>Josephum</strong></span> <span class='ocrx_word' id='word_1_105' title='bbox 1325 1892 1434 1955; x_wconf 88' lang='lat' dir='ltr'><strong>regem</strong></span> <span class='ocrx_word' id='word_1_106' title='bbox 1455 1870 1542 1935; x_wconf 93' lang='lat' dir='ltr'><strong>hunc</strong></span> 
     </span>
    </p>
   </div>
   <div class='ocr_carea' id='block_1_3' title="bbox 499 1953 1657 2040">
    <p class='ocr_par' dir='ltr' id='par_1_5' title="bbox 499 1953 1657 2040">
     <span class='ocr_line' id='line_1_14' title="bbox 499 1953 1657 2040; baseline 0.003 -24"><span class='ocrx_word' id='word_1_107' title='bbox 499 1953 576 2026; x_wconf 82' lang='lat' dir='ltr'><strong>loco</strong></span> <span class='ocrx_word' id='word_1_108' title='bbox 590 1953 782 2040; x_wconf 88' lang='lat' dir='ltr'><strong>penultima,</strong></span> <span class='ocrx_word' id='word_1_109' title='bbox 798 1978 862 2020; x_wconf 91' lang='lat' dir='ltr'><strong>non</strong></span> <span class='ocrx_word' id='word_1_110' title='bbox 878 1956 1007 2035; x_wconf 91' lang='lat' dir='ltr'><strong>ultimo,</strong></span> <span class='ocrx_word' id='word_1_111' title='bbox 1021 1958 1229 2021; x_wconf 85' lang='lat' dir='ltr'><strong>collocantes.</strong></span> <span class='ocrx_word' id='word_1_112' title='bbox 1258 1956 1410 2020; x_wconf 77' lang='lat' dir='ltr'><strong>Eusebius</strong></span> <span class='ocrx_word' id='word_1_113' title='bbox 1424 1956 1544 2020; x_wconf 87' lang='lat' dir='ltr'><strong>interea</strong></span> <span class='ocrx_word' id='word_1_114' title='bbox 1654 2022 1657 2028; x_wconf 75' lang='grc'><strong>,</strong></span> 
     </span>
    </p>
   </div>
   <div class='ocr_carea' id='block_1_4' title="bbox 500 2042 1542 2129">
    <p class='ocr_par' dir='ltr' id='par_1_6' title="bbox 500 2042 1542 2129">
     <span class='ocr_line' id='line_1_15' title="bbox 500 2042 1542 2129; baseline 0.005 -26"><span class='ocrx_word' id='word_1_115' title='bbox 500 2060 603 2104; x_wconf 88' lang='lat' dir='ltr'><strong>annos</strong></span> <span class='ocrx_word' id='word_1_116' title='bbox 612 2055 738 2106; x_wconf 83' lang='lat' dir='ltr'><strong>tantum</strong></span> <span class='ocrx_word' id='word_1_117' title='bbox 751 2055 798 2104; x_wconf 79' lang='grc'><strong>14.</strong></span> <span class='ocrx_word' id='word_1_118' title='bbox 810 2063 869 2127; x_wconf 94' lang='lat' dir='ltr'><strong>pro</strong></span> <span class='ocrx_word' id='word_1_119' title='bbox 881 2049 932 2105; x_wconf 82' lang='grc'><strong>61.</strong></span> <span class='ocrx_word' id='word_1_120' title='bbox 942 2043 1106 2126; x_wconf 83' lang='lat' dir='ltr'><strong>attribuit3</strong></span> <span class='ocrx_word' id='word_1_121' title='bbox 1120 2042 1160 2105; x_wconf 89' lang='lat' dir='ltr'><strong>de</strong></span> <span class='ocrx_word' id='word_1_122' title='bbox 1168 2065 1233 2128; x_wconf 84' lang='lat' dir='ltr'><strong>qua</strong></span> <span class='ocrx_word' id='word_1_123' title='bbox 1241 2063 1273 2106; x_wconf 91' lang='lat' dir='ltr'><strong>re</strong></span> <span class='ocrx_word' id='word_1_124' title='bbox 1283 2043 1352 2128; x_wconf 89' lang='lat' dir='ltr'><strong>agit</strong></span> <span class='ocrx_word' id='word_1_125' title='bbox 1362 2042 1542 2129; x_wconf 89' lang='lat' dir='ltr'><strong>Syncellus.</strong></span> 
     </span>
    </p>
   </div>
   <div class='ocr_carea' id='block_1_5' title="bbox 832 2245 1274 2312">
    <p class='ocr_par' dir='ltr' id='par_1_7' title="bbox 832 2245 1274 2312">
     <span class='ocr_line' id='line_1_16' title="bbox 832 2245 1274 2312; baseline -0.009 -1"><span class='ocrx_word' id='word_1_126' title='bbox 832 2246 1080 2312; x_wconf 86' lang='lat' dir='ltr'><strong>DYNASTIA</strong></span> <span class='ocrx_word' id='word_1_127' title='bbox 1111 2245 1205 2311; x_wconf 91' lang='lat' dir='ltr'><strong>XVI.</strong></span> <span class='ocrx_word' id='word_1_128' title='bbox 1271 2251 1274 2258; x_wconf 85' lang='lat'>&#39;</span> 
     </span>
    </p>
   </div>
   <div class='ocr_carea' id='block_1_6' title="bbox 461 2382 1544 3071">
    <p class='ocr_par' dir='ltr' id='par_1_8' title="bbox 461 2382 1544 3071">
     <span class='ocr_line' id='line_1_17' title="bbox 461 2382 1542 2469; baseline -0.001 -20"><span class='ocrx_word' id='word_1_129' title='bbox 461 2432 466 2442; x_wconf 88' lang='lat'><strong>.</strong></span> <span class='ocrx_word' id='word_1_130' title='bbox 524 2431 526 2436; x_wconf 88' lang='lat'><em>-</em></span> <span class='ocrx_word' id='word_1_131' title='bbox 543 2384 630 2454; x_wconf 83' lang='lat' dir='ltr'><strong>lbid.</strong></span> <span class='ocrx_word' id='word_1_132' title='bbox 647 2382 670 2448; x_wconf 90' lang='lat' dir='ltr'><strong>l.</strong></span> <span class='ocrx_word' id='word_1_133' title='bbox 687 2397 737 2448; x_wconf 79' lang='lat'><strong>24.</strong></span> <span class='ocrx_word' id='word_1_134' title='bbox 760 2383 858 2468; x_wconf 78' lang='grc' dir='ltr'>ἄλλοι]</span> <span class='ocrx_word' id='word_1_135' title='bbox 878 2386 929 2447; x_wconf 89' lang='lat' dir='ltr'><strong>Ita</strong></span> <span class='ocrx_word' id='word_1_136' title='bbox 943 2397 1017 2469; x_wconf 91' lang='lat' dir='ltr'><strong>post</strong></span> <span class='ocrx_word' id='word_1_137' title='bbox 1039 2383 1238 2469; x_wconf 78' lang='lat' dir='ltr'><strong>scaligerum</strong></span> <span class='ocrx_word' id='word_1_138' title='bbox 1255 2382 1338 2446; x_wconf 91' lang='lat' dir='ltr'><strong>edidi</strong></span> <span class='ocrx_word' id='word_1_139' title='bbox 1354 2406 1413 2469; x_wconf 93' lang='lat' dir='ltr'><strong>pro</strong></span> <span class='ocrx_word' id='word_1_140' title='bbox 1427 2382 1542 2462; x_wconf 72' lang='grc' dir='ltr'>’Έλλη-</span> 
     </span>
     <span class='ocr_line' id='line_1_18' title="bbox 499 2469 1543 2557; baseline -0.001 -22"><span class='ocrx_word' id='word_1_141' title='bbox 499 2496 549 2545; x_wconf 75' lang='grc' dir='ltr'><strong><em>νες·</em></strong></span> <span class='ocrx_word' id='word_1_142' title='bbox 563 2470 650 2557; x_wconf 86' lang='lat' dir='ltr'><strong>apud</strong></span> <span class='ocrx_word' id='word_1_143' title='bbox 676 2469 866 2556; x_wconf 79' lang='lat' dir='ltr'><strong>Syncelluru,</strong></span> <span class='ocrx_word' id='word_1_144' title='bbox 888 2470 944 2533; x_wconf 89' lang='lat' dir='ltr'><strong>ubi</strong></span> <span class='ocrx_word' id='word_1_145' title='bbox 969 2470 1014 2532; x_wconf 87' lang='lat' dir='ltr'><strong>ait</strong></span> <span class='ocrx_word' id='word_1_146' title='bbox 1036 2470 1077 2533; x_wconf 93' lang='lat' dir='ltr'><strong>de</strong></span> <span class='ocrx_word' id='word_1_147' title='bbox 1100 2470 1265 2555; x_wconf 85' lang='lat' dir='ltr'><strong>Scaligero</strong></span> <span class='ocrx_word' id='word_1_148' title='bbox 1288 2470 1428 2549; x_wconf 87' lang='lat' dir='ltr'><strong>Goarus,</strong></span> <span class='ocrx_word' id='word_1_149' title='bbox 1448 2471 1543 2535; x_wconf 88' lang='lat' dir='ltr'><strong>“Ille</strong></span> 
     </span>
     <span class='ocr_line' id='line_1_19' title="bbox 499 2554 1544 2641; baseline 0 -21"><span class='ocrx_word' id='word_1_150' title='bbox 499 2557 648 2626; x_wconf 84' lang='lat' dir='ltr'><strong>“nescio</strong></span> <span class='ocrx_word' id='word_1_151' title='bbox 669 2558 726 2620; x_wconf 91' lang='lat' dir='ltr'><strong>ubi</strong></span> <span class='ocrx_word' id='word_1_152' title='bbox 748 2556 864 2641; x_wconf 87' lang='lat' dir='ltr'><strong>legerit</strong></span> <span class='ocrx_word' id='word_1_153' title='bbox 881 2554 998 2617; x_wconf 54' lang='lat' dir='ltr'><strong>aaa?</strong></span> <span class='ocrx_word' id='word_1_154' title='bbox 1036 2554 1099 2618; x_wconf 91' lang='lat' dir='ltr'><strong>Sed</strong></span> <span class='ocrx_word' id='word_1_155' title='bbox 1121 2556 1233 2619; x_wconf 88' lang='lat' dir='ltr'><strong>eadem</strong></span> <span class='ocrx_word' id='word_1_156' title='bbox 1256 2556 1350 2619; x_wconf 88' lang='lat' dir='ltr'><strong>verba</strong></span> <span class='ocrx_word' id='word_1_157' title='bbox 1369 2578 1443 2619; x_wconf 91' lang='lat' dir='ltr'><strong>cum</strong></span> <span class='ocrx_word' id='word_1_158' title='bbox 1464 2577 1544 2620; x_wconf 88' lang='lat' dir='ltr'><strong>voce</strong></span> 
     </span>
     <span class='ocr_line' id='line_1_20' title="bbox 498 2638 1544 2727; baseline -0.001 -21"><span class='ocrx_word' id='word_1_159' title='bbox 498 2638 761 2726; x_wconf 68' lang='lat' dir='ltr'><strong>rihhar&#39;Dynastia</strong></span> <span class='ocrx_word' id='word_1_160' title='bbox 775 2642 921 2727; x_wconf 86' lang='lat' dir='ltr'><strong>proxime</strong></span> <span class='ocrx_word' id='word_1_161' title='bbox 941 2662 1077 2725; x_wconf 92' lang='lat' dir='ltr'><strong>sequens</strong></span> <span class='ocrx_word' id='word_1_162' title='bbox 1092 2642 1233 2719; x_wconf 83' lang='lat' dir='ltr'><strong>exhibet,</strong></span> <span class='ocrx_word' id='word_1_163' title='bbox 1249 2662 1308 2704; x_wconf 90' lang='lat' dir='ltr'><strong>nec</strong></span> <span class='ocrx_word' id='word_1_164' title='bbox 1323 2640 1449 2718; x_wconf 90' lang='lat' dir='ltr'><strong>dubito,</strong></span> <span class='ocrx_word' id='word_1_165' title='bbox 1465 2642 1544 2727; x_wconf 91' lang='lat' dir='ltr'><strong>quin</strong></span> 
     </span>
     <span class='ocr_line' id='line_1_21' title="bbox 499 2724 1542 2813; baseline 0.001 -23"><span class='ocrx_word' id='word_1_166' title='bbox 499 2724 714 2803; x_wconf 69' lang='grc' dir='ltr'><strong>νοιἝλληνις·</strong></span> <span class='ocrx_word' id='word_1_167' title='bbox 733 2728 847 2790; x_wconf 88' lang='lat' dir='ltr'><strong>vitiosa</strong></span> <span class='ocrx_word' id='word_1_168' title='bbox 867 2728 918 2789; x_wconf 87' lang='lat' dir='ltr'><strong>sit.</strong></span> <span class='ocrx_word' id='word_1_169' title='bbox 962 2725 1055 2789; x_wconf 91' lang='lat' dir='ltr'><strong>Nihil</strong></span> <span class='ocrx_word' id='word_1_170' title='bbox 1078 2726 1148 2811; x_wconf 90' lang='lat' dir='ltr'><strong>opis</strong></span> <span class='ocrx_word' id='word_1_171' title='bbox 1171 2727 1309 2805; x_wconf 76' lang='lat' dir='ltr'><strong>interim,</strong></span> <span class='ocrx_word' id='word_1_172' title='bbox 1323 2726 1422 2813; x_wconf 90' lang='lat' dir='ltr'><strong>siquis</strong></span> <span class='ocrx_word' id='word_1_173' title='bbox 1436 2728 1468 2791; x_wconf 92' lang='lat' dir='ltr'><strong>id</strong></span> <span class='ocrx_word' id='word_1_174' title='bbox 1484 2728 1542 2792; x_wconf 92' lang='lat' dir='ltr'><strong>de-</strong></span> 
     </span>
     <span class='ocr_line' id='line_1_22' title="bbox 500 2810 1544 2899; baseline 0.003 -24"><span class='ocrx_word' id='word_1_175' title='bbox 500 2810 630 2891; x_wconf 85' lang='lat' dir='ltr'><strong>sideret,</strong></span> <span class='ocrx_word' id='word_1_176' title='bbox 645 2833 684 2877; x_wconf 86' lang='lat' dir='ltr'><strong>ex</strong></span> <span class='ocrx_word' id='word_1_177' title='bbox 698 2811 830 2877; x_wconf 78' lang='lat' dir='ltr'><strong>Eusebio</strong></span> <span class='ocrx_word' id='word_1_178' title='bbox 854 2811 1062 2898; x_wconf 82' lang='lat' dir='ltr'><strong>quaerendum</strong></span> <span class='ocrx_word' id='word_1_179' title='bbox 1085 2825 1145 2890; x_wconf 92' lang='lat' dir='ltr'><strong>est,</strong></span> <span class='ocrx_word' id='word_1_180' title='bbox 1161 2813 1216 2899; x_wconf 92' lang='lat' dir='ltr'><strong>qui</strong></span> <span class='ocrx_word' id='word_1_181' title='bbox 1240 2812 1334 2877; x_wconf 89' lang='lat' dir='ltr'><strong>isthic</strong></span> <span class='ocrx_word' id='word_1_182' title='bbox 1357 2834 1413 2899; x_wconf 92' lang='lat' dir='ltr'><strong>per</strong></span> <span class='ocrx_word' id='word_1_183' title='bbox 1435 2814 1544 2878; x_wconf 84' lang='lat' dir='ltr'><strong>omnia</strong></span> 
     </span>
     <span class='ocr_line' id='line_1_23' title="bbox 498 2898 1543 2984; baseline 0.002 -22"><span class='ocrx_word' id='word_1_184' title='bbox 498 2898 690 2962; x_wconf 84' lang='lat' dir='ltr'><strong>Africanum</strong></span> <span class='ocrx_word' id='word_1_185' title='bbox 712 2898 852 2984; x_wconf 91' lang='lat' dir='ltr'><strong>reliquit.</strong></span> <span class='ocrx_word' id='word_1_186' title='bbox 896 2899 970 2961; x_wconf 84' lang='lat' dir='ltr'><strong>Jarn</strong></span> <span class='ocrx_word' id='word_1_187' title='bbox 987 2919 1061 2961; x_wconf 89' lang='lat' dir='ltr'><strong>vero</strong></span> <span class='ocrx_word' id='word_1_188' title='bbox 1075 2899 1192 2963; x_wconf 86' lang='lat' dir='ltr'><strong>certior</strong></span> <span class='ocrx_word' id='word_1_189' title='bbox 1209 2901 1314 2963; x_wconf 88' lang='lat' dir='ltr'><strong>factus</strong></span> <span class='ocrx_word' id='word_1_190' title='bbox 1337 2922 1421 2979; x_wconf 90' lang='lat' dir='ltr'><strong>sum,</strong></span> <span class='ocrx_word' id='word_1_191' title='bbox 1435 2913 1543 2965; x_wconf 80' lang='lat' dir='ltr'><strong>extare</strong></span> 
     </span>
     <span class='ocr_line' id='line_1_24' title="bbox 497 2981 1274 3071; baseline -0.001 -22"><span class='ocrx_word' id='word_1_192' title='bbox 497 2982 582 3049; x_wconf 71' lang='grc' dir='ltr'><strong><em>ἄλλοι</em></strong></span> <span class='ocrx_word' id='word_1_193' title='bbox 597 3005 663 3049; x_wconf 89' lang='lat' dir='ltr'><strong>non</strong></span> <span class='ocrx_word' id='word_1_194' title='bbox 678 2981 814 3061; x_wconf 76' lang='grc' dir='ltr'><strong>Ἕλληνες</strong></span> <span class='ocrx_word' id='word_1_195' title='bbox 828 2984 861 3047; x_wconf 90' lang='lat' dir='ltr'><strong>in</strong></span> <span class='ocrx_word' id='word_1_196' title='bbox 876 2983 955 3047; x_wconf 89' lang='lat' dir='ltr'><strong>MS.</strong></span> <span class='ocrx_word' id='word_1_197' title='bbox 971 2983 1118 3048; x_wconf 82' lang='lat' dir='ltr'><strong>Parisino</strong></span> <span class='ocrx_word' id='word_1_198' title='bbox 1133 2997 1274 3071; x_wconf 83' lang='lat' dir='ltr'><strong>utroque.</strong></span> 
     </span>
    </p>
   </div>
   <div class='ocr_carea' id='block_1_7' title="bbox 831 3191 1212 3287">
    <p class='ocr_par' dir='ltr' id='par_1_9' title="bbox 831 3191 1212 3287">
     <span class='ocr_line' id='line_1_25' title="bbox 831 3191 1212 3287; baseline 0 -30"><span class='ocrx_word' id='word_1_199' title='bbox 831 3191 1072 3287; x_wconf 76' lang='lat' dir='ltr'><strong>nruasrm</strong></span> <span class='ocrx_word' id='word_1_200' title='bbox 1100 3193 1212 3258; x_wconf 71' lang='lat' dir='ltr'><strong>xvir.</strong></span> 
     </span>
    </p>
   </div>
   <div class='ocr_carea' id='block_1_8' title="bbox 496 3320 1544 4776">
    <p class='ocr_par' dir='ltr' id='par_1_10' title="bbox 541 3320 1382 3413">
     <span class='ocr_line' id='line_1_26' title="bbox 541 3320 1382 3413; baseline 0.002 -24"><span class='ocrx_word' id='word_1_201' title='bbox 541 3325 579 3389; x_wconf 89' lang='lat' dir='ltr'><strong>P.</strong></span> <span class='ocrx_word' id='word_1_202' title='bbox 591 3336 663 3389; x_wconf 74' lang='lat'><strong>142.</strong></span> <span class='ocrx_word' id='word_1_203' title='bbox 678 3324 701 3388; x_wconf 92' lang='lat' dir='ltr'><strong>l.</strong></span> <span class='ocrx_word' id='word_1_204' title='bbox 715 3339 744 3388; x_wconf 83' lang='lat'><strong>2.</strong></span> <span class='ocrx_word' id='word_1_205' title='bbox 766 3327 896 3404; x_wconf 68' lang='grc' dir='ltr'><strong>βασιλεῖς</strong></span> <span class='ocrx_word' id='word_1_206' title='bbox 910 3325 990 3409; x_wconf 78' lang='grc' dir='ltr'><strong>μγ’]</strong></span> <span class='ocrx_word' id='word_1_207' title='bbox 1008 3327 1135 3402; x_wconf 78' lang='grc' dir='ltr'><strong>βασιλεῖς</strong></span> <span class='ocrx_word' id='word_1_208' title='bbox 1151 3326 1212 3409; x_wconf 82' lang='grc' dir='ltr'><strong>λγ’.</strong></span> <span class='ocrx_word' id='word_1_209' title='bbox 1227 3320 1382 3413; x_wconf 81' lang='lat' dir='ltr'><strong>Scaliger.</strong></span> 
     </span>
    </p>

    <p class='ocr_par' dir='ltr' id='par_1_11' title="bbox 496 3409 1544 4093">
     <span class='ocr_line' id='line_1_27' title="bbox 540 3409 1543 3494; baseline 0.006 -19"><span class='ocrx_word' id='word_1_210' title='bbox 540 3410 629 3475; x_wconf 90' lang='lat' dir='ltr'><strong>Ibid.</strong></span> <span class='ocrx_word' id='word_1_211' title='bbox 645 3410 668 3474; x_wconf 89' lang='lat' dir='ltr'><strong>l.</strong></span> <span class='ocrx_word' id='word_1_212' title='bbox 685 3425 715 3474; x_wconf 84' lang='grc'><strong>3.</strong></span> <span class='ocrx_word' id='word_1_213' title='bbox 738 3409 860 3487; x_wconf 64' lang='lat' dir='ltr'><strong>&amp;nicia</strong></span> <span class='ocrx_word' id='word_1_214' title='bbox 879 3412 1076 3494; x_wconf 69' lang='grc' dir='ltr'><strong>Διοσπολῐτοη]</strong></span> <span class='ocrx_word' id='word_1_215' title='bbox 1095 3413 1214 3476; x_wconf 86' lang='lat' dir='ltr'><strong>Vetera</strong></span> <span class='ocrx_word' id='word_1_216' title='bbox 1234 3414 1371 3476; x_wconf 89' lang='lat' dir='ltr'><strong>Homeri</strong></span> <span class='ocrx_word' id='word_1_217' title='bbox 1391 3413 1543 3481; x_wconf 85' lang='lat' dir='ltr'><strong>Scholia:</strong></span> 
     </span>
     <span class='ocr_line' id='line_1_28' title="bbox 496 3493 1544 3581; baseline 0.006 -23"><span class='ocrx_word' id='word_1_218' title='bbox 496 3493 595 3574; x_wconf 60' lang='grc' dir='ltr'><strong>Θῆὸοη</strong></span> <span class='ocrx_word' id='word_1_219' title='bbox 608 3496 696 3571; x_wconf 64' lang='grc' dir='ltr'>πόλις</span> <span class='ocrx_word' id='word_1_220' title='bbox 711 3496 848 3581; x_wconf 70' lang='grc' dir='ltr'><strong>Αἰγῦπῖε,</strong></span> <span class='ocrx_word' id='word_1_221' title='bbox 866 3503 881 3572; x_wconf 76' lang='grc' dir='ltr'>ἡ</span> <span class='ocrx_word' id='word_1_222' title='bbox 902 3502 948 3560; x_wconf 71' lang='lat' dir='ltr'><strong>uir·</strong></span> <span class='ocrx_word' id='word_1_223' title='bbox 957 3495 1112 3576; x_wconf 77' lang='grc' dir='ltr'><strong>καλουμένη</strong></span> <span class='ocrx_word' id='word_1_224' title='bbox 1128 3497 1288 3572; x_wconf 76' lang='grc' dir='ltr'><strong>Διόσπολις.</strong></span> <span class='ocrx_word' id='word_1_225' title='bbox 1312 3498 1397 3562; x_wconf 86' lang='lat' dir='ltr'><strong>Vide</strong></span> <span class='ocrx_word' id='word_1_226' title='bbox 1417 3500 1544 3564; x_wconf 90' lang='lat' dir='ltr'><strong>Diodo-</strong></span> 
     </span>
     <span class='ocr_line' id='line_1_29' title="bbox 496 3581 1542 3683; baseline 0.004 -38"><span class='ocrx_word' id='word_1_227' title='bbox 496 3602 584 3645; x_wconf 88' lang='lat' dir='ltr'><strong>rum.</strong></span> <span class='ocrx_word' id='word_1_228' title='bbox 606 3582 731 3645; x_wconf 72' lang='lat' dir='ltr'><strong>Gora.</strong></span> <span class='ocrx_word' id='word_1_229' title='bbox 762 3582 850 3646; x_wconf 90' lang='lat' dir='ltr'><strong>Urbs</strong></span> <span class='ocrx_word' id='word_1_230' title='bbox 865 3581 906 3647; x_wconf 87' lang='lat' dir='ltr'><strong>de</strong></span> <span class='ocrx_word' id='word_1_231' title='bbox 921 3605 984 3667; x_wconf 88' lang='lat' dir='ltr'><strong>qua</strong></span> <span class='ocrx_word' id='word_1_232' title='bbox 1000 3582 1140 3661; x_wconf 85' lang='lat' dir='ltr'><strong>Gnarus,</strong></span> <span class='ocrx_word' id='word_1_233' title='bbox 1155 3583 1188 3647; x_wconf 92' lang='lat' dir='ltr'><strong>in</strong></span> <span class='ocrx_word' id='word_1_234' title='bbox 1203 3586 1352 3683; x_wconf 81' lang='lat' dir='ltr'><strong>AEgypto</strong></span> <span class='ocrx_word' id='word_1_235' title='bbox 1368 3586 1542 3670; x_wconf 89' lang='lat' dir='ltr'><strong>superiore,</strong></span> 
     </span>
     <span class='ocr_line' id='line_1_30' title="bbox 496 3666 1542 3756; baseline 0.004 -26"><span class='ocrx_word' id='word_1_236' title='bbox 496 3667 564 3731; x_wconf 71' lang='lat' dir='ltr'><strong>site</strong></span> <span class='ocrx_word' id='word_1_237' title='bbox 583 3666 761 3744; x_wconf 86' lang='lat' dir='ltr'><strong>Thebaide,</strong></span> <span class='ocrx_word' id='word_1_238' title='bbox 777 3668 839 3730; x_wconf 84' lang='lat' dir='ltr'><strong>sita</strong></span> <span class='ocrx_word' id='word_1_239' title='bbox 857 3681 923 3732; x_wconf 83' lang='lat' dir='ltr'><strong>est.</strong></span> <span class='ocrx_word' id='word_1_240' title='bbox 962 3667 1076 3731; x_wconf 86' lang='lat' dir='ltr'><strong>Altera</strong></span> <span class='ocrx_word' id='word_1_241' title='bbox 1090 3690 1219 3754; x_wconf 90' lang='lat' dir='ltr'><strong>quoque</strong></span> <span class='ocrx_word' id='word_1_242' title='bbox 1232 3671 1294 3733; x_wconf 82' lang='lat' dir='ltr'><strong>furt</strong></span> <span class='ocrx_word' id='word_1_243' title='bbox 1308 3670 1474 3756; x_wconf 91' lang='lat' dir='ltr'><strong>Diospolis</strong></span> <span class='ocrx_word' id='word_1_244' title='bbox 1492 3673 1542 3735; x_wconf 94' lang='lat' dir='ltr'><strong>in·</strong></span> 
     </span>
     <span class='ocr_line' id='line_1_31' title="bbox 497 3751 1543 3841; baseline 0.003 -25"><span class='ocrx_word' id='word_1_245' title='bbox 497 3751 626 3817; x_wconf 86' lang='lat' dir='ltr'><strong>ferioris</strong></span> <span class='ocrx_word' id='word_1_246' title='bbox 637 3753 787 3838; x_wconf 84' lang='lat' dir='ltr'><strong>AEgypti,</strong></span> <span class='ocrx_word' id='word_1_247' title='bbox 800 3752 840 3815; x_wconf 91' lang='lat' dir='ltr'><strong>ad</strong></span> <span class='ocrx_word' id='word_1_248' title='bbox 853 3774 950 3838; x_wconf 89' lang='lat' dir='ltr'><strong>quam</strong></span> <span class='ocrx_word' id='word_1_249' title='bbox 964 3753 1095 3839; x_wconf 90' lang='lat' dir='ltr'><strong>quidem</strong></span> <span class='ocrx_word' id='word_1_250' title='bbox 1109 3755 1285 3840; x_wconf 88' lang='lat' dir='ltr'><strong>Dynastias</strong></span> <span class='ocrx_word' id='word_1_251' title='bbox 1298 3756 1543 3841; x_wconf 90' lang='lat' dir='ltr'><strong>Diospolitano-</strong></span> 
     </span>
     <span class='ocr_line' id='line_1_32' title="bbox 496 3838 1542 3922; baseline 0.005 -21"><span class='ocrx_word' id='word_1_252' title='bbox 496 3858 574 3901; x_wconf 86' lang='lat' dir='ltr'><strong>rum</strong></span> <span class='ocrx_word' id='word_1_253' title='bbox 596 3838 784 3922; x_wconf 90' lang='lat' dir='ltr'><strong>simpliciter</strong></span> <span class='ocrx_word' id='word_1_254' title='bbox 805 3839 851 3901; x_wconf 90' lang='lat' dir='ltr'><strong>ita</strong></span> <span class='ocrx_word' id='word_1_255' title='bbox 873 3838 936 3901; x_wconf 93' lang='lat' dir='ltr'><strong>hoc</strong></span> <span class='ocrx_word' id='word_1_256' title='bbox 957 3838 1037 3904; x_wconf 82' lang='lat' dir='ltr'><strong>loco.</strong></span> <span class='ocrx_word' id='word_1_257' title='bbox 1055 3854 1241 3904; x_wconf 88' lang='lat' dir='ltr'><strong>vocatarum</strong></span> <span class='ocrx_word' id='word_1_258' title='bbox 1265 3840 1446 3905; x_wconf 87' lang='lat' dir='ltr'><strong>referendas</strong></span> <span class='ocrx_word' id='word_1_259' title='bbox 1471 3865 1542 3906; x_wconf 91' lang='lat' dir='ltr'><strong>esse</strong></span> 
     </span>
     <span class='ocr_line' id='line_1_33' title="bbox 497 3923 1541 4014; baseline 0.008 -29"><span class='ocrx_word' id='word_1_260' title='bbox 497 3935 610 3986; x_wconf 85' lang='lat' dir='ltr'><strong>censet</strong></span> <span class='ocrx_word' id='word_1_261' title='bbox 625 3923 808 3986; x_wconf 90' lang='lat' dir='ltr'><strong>Perizonius</strong></span> <span class='ocrx_word' id='word_1_262' title='bbox 823 3945 894 4008; x_wconf 85' lang='lat' dir='ltr'><strong>cap.</strong></span> <span class='ocrx_word' id='word_1_263' title='bbox 907 3931 937 3986; x_wconf 82' lang='grc' dir='ltr'><strong>ὁ.</strong></span> <span class='ocrx_word' id='word_1_264' title='bbox 952 3924 1091 4009; x_wconf 81' lang='lat' dir='ltr'><strong>AEgypt.</strong></span> <span class='ocrx_word' id='word_1_265' title='bbox 1110 3924 1276 4010; x_wconf 81' lang='lat' dir='ltr'><strong>Originum</strong></span> <span class='ocrx_word' id='word_1_266' title='bbox 1291 3927 1440 4014; x_wconf 86' lang='lat' dir='ltr'><strong>luaestr&#39;g.</strong></span> <span class='ocrx_word' id='word_1_267' title='bbox 1477 3929 1541 3993; x_wconf 90' lang='lat' dir='ltr'><strong>Sed</strong></span> 
     </span>
     <span class='ocr_line' id='line_1_34' title="bbox 497 4006 906 4093; baseline 0 -23"><span class='ocrx_word' id='word_1_268' title='bbox 497 4006 559 4071; x_wconf 86' lang='lat' dir='ltr'><strong>bac</strong></span> <span class='ocrx_word' id='word_1_269' title='bbox 575 4007 616 4071; x_wconf 92' lang='lat' dir='ltr'><strong>de</strong></span> <span class='ocrx_word' id='word_1_270' title='bbox 632 4029 666 4079; x_wconf 86' lang='lat' dir='ltr'><strong>re</strong></span> <span class='ocrx_word' id='word_1_271' title='bbox 679 4007 733 4070; x_wconf 89' lang='lat' dir='ltr'><strong>alii</strong></span> <span class='ocrx_word' id='word_1_272' title='bbox 750 4021 906 4093; x_wconf 90' lang='lat' dir='ltr'><strong>quaerant.</strong></span> 
     </span>
    </p>

    <p class='ocr_par' dir='ltr' id='par_1_12' title="bbox 496 4092 1544 4776">
     <span class='ocr_line' id='line_1_35' title="bbox 543 4092 1544 4184; baseline 0.009 -29"><span class='ocrx_word' id='word_1_273' title='bbox 543 4092 628 4156; x_wconf 92' lang='lat' dir='ltr'><strong>Ibid.</strong></span> <span class='ocrx_word' id='word_1_274' title='bbox 645 4092 710 4155; x_wconf 75' lang='lat' dir='ltr'><strong>ht.</strong></span> <span class='ocrx_word' id='word_1_275' title='bbox 734 4092 779 4171; x_wconf 77' lang='grc' dir='ltr'><strong>ἔτη</strong></span> <span class='ocrx_word' id='word_1_276' title='bbox 804 4093 890 4177; x_wconf 53' lang='lat' dir='ltr'><strong>praefi]</strong></span> <span class='ocrx_word' id='word_1_277' title='bbox 914 4095 1085 4157; x_wconf 86' lang='lat' dir='ltr'><strong>Pastorum</strong></span> <span class='ocrx_word' id='word_1_278' title='bbox 1110 4115 1246 4179; x_wconf 84' lang='lat' dir='ltr'><strong>regnum</strong></span> <span class='ocrx_word' id='word_1_279' title='bbox 1266 4098 1299 4159; x_wconf 91' lang='lat' dir='ltr'><strong>in</strong></span> <span class='ocrx_word' id='word_1_280' title='bbox 1313 4097 1462 4184; x_wconf 88' lang='lat' dir='ltr'><strong>AEgypto</strong></span> <span class='ocrx_word' id='word_1_281' title='bbox 1485 4121 1544 4184; x_wconf 92' lang='lat' dir='ltr'><strong>per</strong></span> 
     </span>
     <span class='ocr_line' id='line_1_36' title="bbox 496 4177 1544 4272; baseline 0.009 -32"><span class='ocrx_word' id='word_1_282' title='bbox 496 4189 564 4242; x_wconf 82' lang='lat' dir='ltr'><strong>tren</strong></span> <span class='ocrx_word' id='word_1_283' title='bbox 574 4177 670 4241; x_wconf 89' lang='lat' dir='ltr'><strong>hasce</strong></span> <span class='ocrx_word' id='word_1_284' title='bbox 682 4179 714 4241; x_wconf 96' lang='lat' dir='ltr'>D</span> <span class='ocrx_word' id='word_1_285' title='bbox 740 4179 857 4242; x_wconf 90' lang='lat' dir='ltr'><strong>nastias</strong></span> <span class='ocrx_word' id='word_1_286' title='bbox 868 4201 1029 4243; x_wconf 88' lang='lat' dir='ltr'><strong>summam</strong></span> <span class='ocrx_word' id='word_1_287' title='bbox 1039 4178 1135 4243; x_wconf 91' lang='lat' dir='ltr'><strong>efficit</strong></span> <span class='ocrx_word' id='word_1_288' title='bbox 1144 4195 1215 4257; x_wconf 84' lang='grc'><strong>953.</strong></span> <span class='ocrx_word' id='word_1_289' title='bbox 1226 4183 1286 4245; x_wconf 91' lang='lat' dir='ltr'><strong>etsi</strong></span> <span class='ocrx_word' id='word_1_290' title='bbox 1297 4181 1329 4245; x_wconf 94' lang='lat' dir='ltr'><strong>in</strong></span> <span class='ocrx_word' id='word_1_291' title='bbox 1340 4183 1400 4246; x_wconf 89' lang='lat' dir='ltr'><strong>hac</strong></span> <span class='ocrx_word' id='word_1_292' title='bbox 1412 4186 1544 4272; x_wconf 88' lang='lat' dir='ltr'><strong>Dynas·</strong></span> 
     </span>
     <span class='ocr_line' id='line_1_37' title="bbox 497 4201 1544 4355; baseline 0.008 -29"><span class='ocrx_word' id='word_1_293' title='bbox 497 4262 544 4325; x_wconf 89' lang='lat' dir='ltr'><strong>tia</strong></span> <span class='ocrx_word' id='word_1_294' title='bbox 565 4283 665 4327; x_wconf 81' lang='lat' dir='ltr'><strong>xvu.</strong></span> <span class='ocrx_word' id='word_1_295' title='bbox 690 4201 919 4327; x_wconf 81' lang='lat' dir='ltr'><strong>Tliebanorum</strong></span> <span class='ocrx_word' id='word_1_296' title='bbox 942 4265 1242 4349; x_wconf 87' lang='lat' dir='ltr'><strong>Diospolitanorum</strong></span> <span class='ocrx_word' id='word_1_297' title='bbox 1271 4290 1372 4354; x_wconf 84' lang='lat' dir='ltr'><strong>regna</strong></span> <span class='ocrx_word' id='word_1_298' title='bbox 1394 4270 1544 4355; x_wconf 76' lang='grc' dir='ltr'><em>σύγχρονα</em></span> 
     </span>
     <span class='ocr_line' id='line_1_38' title="bbox 497 4347 1543 4440; baseline 0.01 -30"><span class='ocrx_word' id='word_1_299' title='bbox 497 4347 598 4412; x_wconf 81' lang='lat' dir='ltr'><strong>fuisse</strong></span> <span class='ocrx_word' id='word_1_300' title='bbox 612 4349 794 4433; x_wconf 88' lang='lat' dir='ltr'><strong>pastoribus</strong></span> <span class='ocrx_word' id='word_1_301' title='bbox 807 4349 835 4434; x_wconf 85' lang='lat' dir='ltr'><strong>ej</strong></span> <span class='ocrx_word' id='word_1_302' title='bbox 841 4371 876 4412; x_wconf 91' lang='lat' dir='ltr'><strong>us</strong></span> <span class='ocrx_word' id='word_1_303' title='bbox 892 4349 1064 4437; x_wconf 85' lang='lat' dir='ltr'><strong>Dynastiae</strong></span> <span class='ocrx_word' id='word_1_304' title='bbox 1079 4366 1279 4430; x_wconf 89' lang='lat' dir='ltr'><strong>censeantur,</strong></span> <span class='ocrx_word' id='word_1_305' title='bbox 1293 4376 1433 4440; x_wconf 88' lang='lat' dir='ltr'><strong>namque</strong></span> <span class='ocrx_word' id='word_1_306' title='bbox 1445 4357 1543 4420; x_wconf 88' lang='lat' dir='ltr'><strong>etiam</strong></span> 
     </span>
     <span class='ocr_line' id='line_1_39' title="bbox 496 4433 1543 4519; baseline 0.008 -22"><span class='ocrx_word' id='word_1_307' title='bbox 496 4445 571 4497; x_wconf 90' lang='lat' dir='ltr'><strong>tum</strong></span> <span class='ocrx_word' id='word_1_308' title='bbox 593 4434 677 4496; x_wconf 91' lang='lat' dir='ltr'><strong>inter</strong></span> <span class='ocrx_word' id='word_1_309' title='bbox 699 4434 786 4518; x_wconf 88' lang='lat' dir='ltr'><strong>ipsos</strong></span> <span class='ocrx_word' id='word_1_310' title='bbox 806 4433 893 4497; x_wconf 91' lang='lat' dir='ltr'><strong>haud</strong></span> <span class='ocrx_word' id='word_1_311' title='bbox 917 4435 1074 4519; x_wconf 88' lang='lat' dir='ltr'><strong>partiendi</strong></span> <span class='ocrx_word' id='word_1_312' title='bbox 1094 4436 1200 4500; x_wconf 86' lang='lat' dir='ltr'><strong>forent</strong></span> <span class='ocrx_word' id='word_1_313' title='bbox 1215 4437 1248 4501; x_wconf 91' lang='lat' dir='ltr'><strong>hi</strong></span> <span class='ocrx_word' id='word_1_314' title='bbox 1264 4439 1338 4502; x_wconf 89' lang='lat' dir='ltr'><strong>anni</strong></span> <span class='ocrx_word' id='word_1_315' title='bbox 1358 4455 1423 4503; x_wconf 86' lang='lat'><strong>151.</strong></span> <span class='ocrx_word' id='word_1_316' title='bbox 1469 4443 1543 4505; x_wconf 91' lang='lat' dir='ltr'><strong>Hos</strong></span> 
     </span>
     <span class='ocr_line' id='line_1_40' title="bbox 497 4521 1544 4605; baseline 0.009 -22"><span class='ocrx_word' id='word_1_317' title='bbox 497 4533 606 4583; x_wconf 88' lang='lat' dir='ltr'><strong>autem</strong></span> <span class='ocrx_word' id='word_1_318' title='bbox 624 4541 774 4583; x_wconf 91' lang='lat' dir='ltr'><strong>numeros</strong></span> <span class='ocrx_word' id='word_1_319' title='bbox 790 4521 970 4584; x_wconf 89' lang='lat' dir='ltr'><strong>consentire</strong></span> <span class='ocrx_word' id='word_1_320' title='bbox 981 4543 1057 4584; x_wconf 92' lang='lat' dir='ltr'><strong>cum</strong></span> <span class='ocrx_word' id='word_1_321' title='bbox 1069 4521 1204 4605; x_wconf 87' lang='lat' dir='ltr'><strong>Josephi</strong></span> <span class='ocrx_word' id='word_1_322' title='bbox 1218 4523 1274 4587; x_wconf 89' lang='lat' dir='ltr'><strong>illa</strong></span> <span class='ocrx_word' id='word_1_323' title='bbox 1288 4546 1327 4588; x_wconf 85' lang='lat' dir='ltr'><strong>ex</strong></span> <span class='ocrx_word' id='word_1_324' title='bbox 1342 4525 1544 4592; x_wconf 90' lang='lat' dir='ltr'><strong>Manethone</strong></span> 
     </span>
     <span class='ocr_line' id='line_1_41' title="bbox 496 4605 1542 4698; baseline 0.01 -30"><span class='ocrx_word' id='word_1_325' title='bbox 496 4605 692 4682; x_wconf 85' lang='lat' dir='ltr'><strong>narratione,</strong></span> <span class='ocrx_word' id='word_1_326' title='bbox 707 4627 780 4689; x_wconf 90' lang='lat' dir='ltr'><strong>quae</strong></span> <span class='ocrx_word' id='word_1_327' title='bbox 793 4605 826 4668; x_wconf 91' lang='lat' dir='ltr'><strong>in</strong></span> <span class='ocrx_word' id='word_1_328' title='bbox 840 4605 897 4667; x_wconf 89' lang='lat' dir='ltr'><strong>lib.</strong></span> <span class='ocrx_word' id='word_1_329' title='bbox 913 4607 940 4669; x_wconf 90' lang='lat' dir='ltr'><strong>I.</strong></span> <span class='ocrx_word' id='word_1_330' title='bbox 957 4607 1073 4669; x_wconf 82' lang='lat' dir='ltr'><strong>Contra</strong></span> <span class='ocrx_word' id='word_1_331' title='bbox 1086 4606 1241 4690; x_wconf 69' lang='lat' dir='ltr'><strong>Aaronem</strong></span> <span class='ocrx_word' id='word_1_332' title='bbox 1255 4631 1326 4695; x_wconf 84' lang='lat' dir='ltr'><strong>cap.</strong></span> <span class='ocrx_word' id='word_1_333' title='bbox 1343 4623 1389 4674; x_wconf 84' lang='lat'><strong>14.</strong></span> <span class='ocrx_word' id='word_1_334' title='bbox 1404 4630 1438 4698; x_wconf 92' lang='lat' dir='ltr'><strong>p.</strong></span> <span class='ocrx_word' id='word_1_335' title='bbox 1456 4627 1542 4678; x_wconf 84' lang='lat'><strong>1338.</strong></span> 
     </span>
     <span class='ocr_line' id='line_1_42' title="bbox 497 4689 1502 4776; baseline 0 -21"><span class='ocrx_word' id='word_1_336' title='bbox 497 4689 550 4755; x_wconf 85' lang='lat' dir='ltr'><strong>od.</strong></span> <span class='ocrx_word' id='word_1_337' title='bbox 565 4690 717 4756; x_wconf 90' lang='lat' dir='ltr'><strong>Hudsoni</strong></span> <span class='ocrx_word' id='word_1_338' title='bbox 731 4703 829 4770; x_wconf 87' lang='lat' dir='ltr'><strong>extat,</strong></span> <span class='ocrx_word' id='word_1_339' title='bbox 845 4689 973 4756; x_wconf 88' lang='lat' dir='ltr'><strong>difficile</strong></span> <span class='ocrx_word' id='word_1_340' title='bbox 988 4691 1048 4756; x_wconf 89' lang='lat' dir='ltr'><strong>erit</strong></span> <span class='ocrx_word' id='word_1_341' title='bbox 1063 4691 1240 4758; x_wconf 89' lang='lat' dir='ltr'><strong>ostendere.</strong></span> <span class='ocrx_word' id='word_1_342' title='bbox 1366 4768 1369 4776; x_wconf 91' lang='lat'><strong>.</strong></span> <span class='ocrx_word' id='word_1_343' title='bbox 1495 4742 1502 4755; x_wconf 95' lang='lat'><strong>.</strong></span> 
     </span>
    </p>
   </div>
   <div class='ocr_carea' id='block_1_9' title="bbox 0 0 2050 5675">
    <p class='ocr_par' dir='ltr' id='par_1_13' title="bbox 0 0 2050 5675">
     <span class='ocr_line' id='line_1_43' title="bbox 0 0 2050 5675; baseline 0 0"><span class='ocrx_word' id='word_1_344' title='bbox 0 0 2050 5675; x_wconf 95' lang='lat' dir='ltr'><strong> </strong></span> 
     </span>
    </p>
   </div>
  </div>
 </body>
</html>
