4092 5675
635 794 688 862 ru
708 789 933 864 laureatur
955 791 1232 903 cunculca-
1379 815 1447 885 Μ.

404 962 511 1036 mouit
524 962 658 1032 solatii.
696 965 759 1031 His
773 966 950 1033 rationibus
963 965 1115 1038 inductus
1127 965 1260 1034 Avitum
1274 966 1443 1055 pottScur
1543 966 1546 974 ’

403 1049 545 1138 ligemus
558 1050 593 1118 in
604 1049 775 1119 Animata.
789 1052 942 1118 hocloco
956 1052 1095 1140 reposui.

885 1309 959 1374 XL.

447 1435 650 1556 Ρ.174.1.1.
678 1482 814 1562 Ἰςοςεΐται
834 1507 861 1541 ω
895 1479 1087 1560 ἐν’λφςιιανᾷ,
1109 1475 1151 1542 dn
1172 1480 1199 1543 is
1221 1484 1262 1565 τῷ
1307 1477 1317 1504 ‘
1337 1504 1374 1546 αν
1391 1433 1448 1560 νῆνΙ

403 1565 472 1650 pitis
489 1565 539 1628 τὸν
556 1563 702 1641 Massicen
719 1564 792 1650 δια]
889 1568 1037 1663 επιιρἦσις
1059 1576 1147 1628 extat
1167 1563 1199 1628 in
1220 1563 1305 1629 cod.
1352 1565 1439 1632 heol.

404 1649 465 1714 Gr.
481 1647 696 1714 Bibliotheca
711 1648 971 1715 vindobonensis
986 1669 1076 1714 num.
1091 1663 1141 1713 25.
1155 1671 1175 1716 a
1189 1650 1365 1716 Lambecio
1380 1671 1438 1717 no·

403 1746 486 1814 tato,
508 1734 596 1822 apud
616 1734 802 1800 Nesselium
826 1748 935 1801 autem
956 1755 1047 1799 num.
1065 1748 1135 1799 238.
1158 1735 1213 1836 qui
1235 1735 1339 1800 codex
1358 1736 1442 1802 inter

403 1821 469 1886 alia
491 1819 638 1886 continet
660 1825 794 1904 Γνωμικὰ
816 1821 958 1909 διαφόρων.
1003 1821 1140 1907 Legitur
1163 1843 1197 1886 ru
1223 1842 1263 1885 eo
1286 1822 1442 1887 articulus

404 1917 481 1972 aute
491 1907 572 1994 dita,
585 1927 682 1994 quem
697 1907 814 1993 recepi,
829 1922 862 1972 et
876 1907 1058 1996 διερῤίιγησαν
1072 1927 1132 1993 pro
1145 1906 1284 1994 ὃνεῤῥᾶγη.
1328 1907 1393 1974 Sed
1407 1921 1445 1974 et

404 1989 519 2058 eadem
541 2003 650 2058 extare
672 1992 713 2058 ad
734 1994 912 2093 marginem
933 1992 1024 2057 MSti
1047 1991 1182 2078 Georgii
1203 1993 1386 2058 Hamartoli
1406 1993 1441 2058 in

402 2075 608 2144 Bibliotheca
629 2078 731 2165 Regia
751 2079 890 2144 Parisina
912 2101 972 2143 nos
994 2079 1143 2142 certiores
1164 2077 1240 2143 fecit
1261 2077 1443 2143 Cotelerius

404 2161 446 2230 sd
460 2161 717 2250 Constit.Apost.
730 2163 788 2229 lib.
804 2164 837 2229 ii.
859 2184 928 2249 cap.
943 2178 993 2227 22.
1013 2164 1069 2228 ubi
1090 2176 1198 2226 tamen
1217 2160 1288 2249 ᾅδειν
1310 2183 1369 2248 pro
1391 2162 1442 2226 λε’-

403 2273 463 2332 yn
477 2249 632 2335 scripturn
647 2249 719 2314 fuit.
765 2251 798 2313 ls
812 2269 942 2336 quoque
956 2260 1079 2327 monet,
1093 2246 1209 2312 similia
1222 2247 1296 2327 illis,
1312 2270 1384 2334 quae
1399 2248 1442 2313 de

403 2335 559 2400 Manasse
579 2333 715 2400 liberato
736 2334 898 2421 Georgius
923 2332 1091 2421 Syncellus
1110 2332 1210 2397 habet
1225 2333 1267 2397 ad
1280 2354 1356 2420 pag.
1370 2347 1441 2399 214.

402 2419 535 2508 reperiri
548 2419 635 2506 apud
648 2420 855 2485 Anastasium
871 2421 903 2484 in
919 2420 1036 2484 Psalm.
1048 2420 1087 2484 vi.
1125 2418 1186 2483 Illa
1199 2440 1274 2483 vero
1288 2418 1442 2519 Syncelli,

402 2505 523 2592 parites
532 2527 573 2570 ac
580 2525 689 2604 pauca
702 2505 825 2585 isthaec,
836 2505 1006 2592 desumpta
1017 2504 1115 2570 fuisse
1127 2526 1167 2568 ex
1177 2504 1321 2568 Africam
1334 2504 1443 2569 Chro-

404 2590 485 2657 nicis
500 2611 689 2677 suspicarer,
705 2592 765 2656 nisi
779 2591 889 2655 fabula
902 2603 1060 2656 narrasset
1076 2591 1262 2655 Manassem
1276 2590 1308 2654 in
1324 2611 1442 2656 aeream

403 2689 544 2744 statuam
565 2675 753 2742 conclusum
771 2678 878 2755 fuisse,
893 2689 989 2762 atque
1005 2680 1099 2763 rupta
1112 2680 1217 2742 statua
1230 2674 1364 2742 evasisse
1378 2676 1443 2741 sal·

404 2783 491 2827 vum.
535 2761 590 2826 De
611 2761 726 2849 quibus
745 2762 987 2827 narratiunculis
1009 2763 1132 2864 optime
1152 2760 1345 2842 Cotelerius,
1359 2763 1443 2827 “Ut

405 2855 431 2889 “
445 2847 616 2913 mendacia
628 2848 834 2913 instabilitate
848 2871 885 2913 ac
899 2862 1055 2936 portentrs
1067 2847 1224 2936 gaudent,
1233 2848 1325 2912 variis
1337 2848 1442 2912 miris-

406 2940 429 2974 “
445 2956 511 3021 que
525 2933 633 2998 modis
648 2947 793 2999 narratur
807 2935 966 2999 Manassis
980 2935 1138 3013 liberatio,
1154 2950 1268 2998 contra
1290 2932 1444 3020 simplici·

402 3026 427 3061 “
442 3032 543 3086 tatem
558 3019 743 3106 Scriptura,
758 3035 791 3085 et
805 3020 1031 3085 auctoritatem
1040 3019 1179 3106 ·Josephi
1194 3019 1382 3084 Historiae.”

877 3307 968 3372 XLI.

430 3478 534 3546 Jbid,
548 3478 571 3545 l.
584 3490 615 3555 7.
637 3479 785 3559 Ἀφρικανὸς
799 3480 853 3540 siud
870 3487 905 3540 τῦ
923 3478 1012 3560 eptas
1026 3477 1083 3546 ἴτυς
1096 3476 1199 3538 ieiunis
1211 3478 1249 3538 soi
1261 3479 1289 3538 ν’.
1304 3479 1347 3546 ivn
1364 3478 1439 3565 &c.]

405 3568 452 3633 Ta
464 3565 499 3631 ν’.
513 3575 700 3651 reposuerat
714 3562 842 3627 Goarus
861 3561 904 3626 ad
924 3583 994 3625 mur
1019 3608 1028 3624 .
1046 3559 1187 3648 Syncelli
1201 3581 1261 3647 pro
1275 3567 1317 3649 τῷ
1329 3561 1362 3628 o'.
1427 3578 1442 3631 t

404 3654 443 3715 sd
464 3650 512 3729 a„
531 3650 596 3715 hoc
614 3649 746 3715 afferens
769 3646 930 3734 Syncettus
951 3647 994 3712 ha
1035 3646 1113 3710 tad
1132 3667 1208 3732 pag.
1222 3660 1292 3711 223.
1332 3650 1385 3715 De
1406 3672 1443 3716 rc

405 3735 473 3825 ipsa
485 3735 542 3803 hic
555 3748 734 3801 memorata
749 3755 837 3797 cons.
852 3746 918 3799 not.
931 3755 1029 3819 supra
1041 3732 1084 3797 ad
1096 3732 1198 3797 Num.
1213 3752 1312 3798 xxrr.
1326 3756 1361 3822 p.
1371 3749 1443 3817 294.

869 4036 979 4107 XLII.

443 4210 532 4279 lbid.
552 4212 574 4278 l.
593 4226 639 4278 13.
662 4221 759 4274 Ταῦτα
772 4214 816 4274 καὶ
832 4222 844 4274 ὃ
858 4214 1014 4294 Ἀφρνκανὸς,
1027 4219 1155 4294 μαρτνρῧν
1170 4209 1243 4298 &c.]
1264 4213 1340 4278 Post
1359 4236 1441 4280 non·

403 4298 493 4365 nulla
503 4298 546 4365 de
559 4299 649 4363 annis
663 4299 832 4385 utriusque
846 4297 1038 4385 captivitatis
1053 4295 1154 4361 tribus
1165 4296 1260 4362 Judae
1273 4298 1444 4386 scripserat

402 4384 515 4451 statim
535 4399 611 4449 ante
631 4384 810 4471 SyncelluS,
826 4387 857 4448 ἐκ
875 4383 977 4461 ταύτης
997 4387 1045 4459 τῆς
1063 4383 1267 4467 αἰχμαλωσίας
1287 4383 1318 4463 ἦν
1332 4390 1441 4463 Δανιὴλ

401 4468 466 4552 ἅμα
479 4473 538 4546 τοῖς
552 4470 601 4534 σὺν
615 4473 690 4533 αὐτῶ
702 4468 829 4549 Ἀνανία,
841 4468 973 4557 Ἀζαρία,
987 4468 1115 4549 Μνζᾶηλ.
1138 4466 1213 4544 οὗτος
1226 4474 1239 4531 ὁ
1251 4472 1360 4547 Δανιὴλ
1371 4494 1440 4532 παν-

400 4556 506 4631 δννθνὶς
518 4554 567 4632 nis
582 4533 712 4619 castrias
727 4534 851 4640 stupt505
865 4554 972 4640 ἐγένετο
990 4559 1031 4639 τῷ
1050 4557 1167 4633 βασιλεῖ
1183 4551 1441 4640 Ναὸνυχνδννόσορ.

400 4644 543 4707 ΤΑὟΤΑ
561 4642 610 4707 xa}
634 4646 647 4705 ὁ
664 4642 828 4727 Ἀφρικανὸς
848 4640 908 4704 &c
949 4637 1140 4725 captivitate
1161 4638 1224 4705 ista
1239 4635 1441 4713 Danielem

399 4726 493 4793 acciu
505 4725 646 4810 Ananis,
652 4726 787 4810 Aueria,
798 4736 829 4791 et
839 4724 975 4805 Miscet,
986 4723 1135 4802 adductus
1145 4736 1201 4793 eu.
1223 4721 1344 4801 Daniel
1356 4723 1442 4793 omui

896 4830 918 4875 Y
933 4823 951 4873 3
