4092 5675
496 793 563 866 50²
687 779 719 790 ··
836 775 1200 848 Amorrrrours
1285 777 1288 784 ·

498 948 668 1028 lumniam,
682 947 1001 1098 ‘Uffmgiciasraeoem
1015 947 1139 1037 aliquid
1154 946 1343 1037 a‘quopiam'
1356 943 1500 1031 elicitur,
1512 945 1550 1016 st

497 1035 534 1100 in
553 1035 628 1121 lege
645 1050 673 1098 1.
686 1035 732 1100 D.
749 1035 790 1099 de
856 1036 1101 1101 umniatoribus.
1144 1038 1220 1100 Hoc
1240 1036 1423 1101 secundum
1443 1051 1550 1123 genus

498 1119 720 1186 concussionis
744 1120 930 1205 intelligunt
955 1134 1061 1207 patres
1088 1120 1217 1186 concilii
1239 1121 1454 1204 Antiocheni.
1497 1122 1549 1183 Dc

500 1205 607 1292 primo
619 1225 739 1302 genere
750 1206 970 1270 concussionis
981 1205 1125 1290 loquitur
1137 1206 1337 1269 Maximinus
1352 1206 1386 1269 in
1400 1205 1547 1291 Epistola

500 1288 543 1354 ad
557 1288 727 1367 Sabinum,
743 1311 839 1375 quam
855 1291 952 1354 refert
964 1290 1123 1354 Eusebius
1139 1288 1171 1353 in
1186 1289 1269 1354 libro
1280 1290 1324 1354 ix.
1339 1308 1455 1376 cap.9.
1478 1290 1547 1353 Ne·

500 1373 570 1440 scio
593 1387 703 1440 autem
724 1396 783 1438 cur
803 1387 971 1460 tantopere
986 1374 1143 1460 refugerit
1157 1373 1479 1459 christophorsonus
1494 1396 1547 1437 vo·

497 1479 574 1524 cem
588 1470 747 1523 connitere
758 1471 793 1522 et
806 1458 1021 1537 concussiones,
1035 1480 1113 1523 cum
1126 1471 1234 1522 tamen
1249 1459 1314 1523 sint
1328 1460 1468 1536 Latinae,
1482 1472 1516 1522 et
1529 1476 1551 1521 a·

500 1543 662 1608 veteribus
671 1543 910 1630 jurisconsultis
924 1544 1040 1608 crebro
1058 1557 1231 1629 usurpatae.
1277 1543 1342 1607 Sed
1356 1556 1392 1608 et
1406 1544 1439 1607 in
1454 1565 1546 1607 erana

500 1627 591 1716 gello
605 1650 645 1692 ea
657 1649 719 1692 vox
733 1626 882 1707 habetur,
897 1629 953 1692 ubi
967 1629 1108 1692 loannes
1127 1627 1285 1692 militibus
1307 1629 1354 1692 ita
1377 1627 1547 1713 praecipitr

500 1713 655 1778 nerninem
685 1712 894 1776 concutiatis:
931 1712 1066 1776 contenti
1098 1724 1194 1776 estote
1228 1711 1395 1797 stipendiis
1414 1711 1549 1777 nestris.

499 1797 603 1882 Apud
623 1799 758 1861 Graecos
777 1798 1018 1882 antiquissimus
1038 1812 1088 1861 est
1107 1819 1184 1861 usus
1203 1798 1289 1861 vocis
1302 1797 1385 1862 celer
1398 1818 1440 1861 eo
1453 1818 1548 1861 sensu

498 1899 562 1968 pro
575 1881 776 1946 calumniari.
818 1881 872 1944 Sic
887 1881 973 1944 enim
987 1880 1226 1967 Aristophanes
1245 1894 1278 1947 et
1297 1877 1481 1947 Teleclides
1501 1882 1548 1945 lo

499 1979 659 2053 eluuntur,
675 1978 757 2029 teste
779 1964 878 2029 Suida
900 1966 934 2029 in
955 1987 1034 2029 voce
1055 1969 1158 2043 celem
1180 1968 1393 2031 Vsnssrus.
1436 1966 1548 2052 Atque

499 2051 549 2116 ita
564 2051 708 2115 fortasse
730 2047 922 2114 Tertulliani
941 2049 1033 2114 locus
1058 2050 1278 2116 emendandus
1298 2064 1359 2130 est,
1429 2051 1437 2066 ⁸
1462 2062 1548 2116 extat

503 2136 537 2200 in
556 2134 614 2199 lib.
635 2135 670 2200 ii.
688 2133 1003 2213 Adu'Murcr'onem,
1026 2133 1099 2220 ipso
1123 2134 1195 2200 init.
1220 2155 1292 2220 cap.
1318 2150 1365 2200 18.
1381 2073 1456 2200 qdiid
1477 2157 1550 2222 quoe

500 2220 606 2307 potius
628 2219 707 2307 legis
729 2220 883 2303 (talionis)
908 2219 987 2283 loric
1006 2216 1185 2306 defendam,
1207 2241 1303 2306 qnam
1325 2239 1401 2307 ques
1423 2213 1548 2284 liceresir

506 2304 712 2391 (Marcionis)
728 2305 914 2390 concupiit?
948 2307 994 2368 Le
1019 2326 1041 2369 o
1056 2304 1217 2383 concussit,
1232 2305 1289 2369 sed
1303 2305 1415 2370 losum
1432 2305 1517 2369 ride.
1540 2341 1542 2348 ·

548 2390 764 2469 P.479.l.11.
784 2327 1019 2488 καταδραὸεύωνῗ
1039 2391 1171 2475 Langus
1192 2390 1288 2454 vertit
1304 2389 1445 2474 prcemia
1466 2385 1548 2454 attr'·

530 2472 540 2489 1

497 2487 600 2626 mis,
616 2496 683 2538 non
696 2475 791 2539 male.
825 2475 937 2540 Utitur
952 2474 1012 2538 hac
1027 2497 1105 2539 voce
1122 2474 1239 2539 Paulus
1253 2475 1287 2538 in
1301 2475 1408 2562 Epist.
1423 2474 1548 2540 adCo·

569 2581 660 2625 enses
679 2557 807 2646 capii.
833 2572 882 2623 18.
907 2561 1117 2626 Vssssrus.
1158 2558 1299 2646 βςαὸεύω,
1322 2560 1491 2638 intercedo,
1516 2571 1548 2623 et

502 2643 669 2728 βραόιυτὴς,
685 2645 864 2709 intercessor
877 2645 953 2708 Vct.
969 2643 1079 2708 Gloss.
1095 2643 1152 2708 sed
1172 2644 1242 2729 egit
1261 2644 1301 2708 de
1319 2664 1400 2709 voce
1420 2644 1549 2710 Pauline

503 2728 706 2815 καταδραὲεόω
720 2730 762 2793 cl.
776 2728 983 2793 Schleusner.
995 2729 1029 2792 in
1043 2728 1159 2793 Leet'cc
1174 2729 1207 2792 in
1222 2729 1302 2793 Nora
1318 2729 1405 2793 Test.

495 2851 499 2857 ·
548 2814 635 2879 Ibid.
650 2814 672 2878 l.
689 2828 737 2878 ts.
759 2813 851 2895 μάτην
872 2813 1074 2899 καρπούμενος]
1096 2815 1172 2881 Vox
1193 2814 1285 2896 μάτην
1311 2813 1481 2879 referenda
1503 2823 1550 2878 est

502 2919 571 2964 non
582 2899 629 2962 ad
642 2899 778 2962 Paulum
792 2898 899 2983 ipsum
915 2899 971 2984 qui
987 2898 1049 2963 hac
1069 2913 1144 2964 arte-
1157 2899 1328 2985 pecuniam
1348 2899 1550 2977 corradebat,

495 2982 561 3048 ³sed
583 2982 626 3046 ad
646 2981 810 3067 litigantes
832 2983 886 3068 qui
908 2984 1079 3067 pecuniam
1102 3006 1194 3048 suam
1209 3006 1307 3071 quam
1331 2983 1433 3048 Paulo
1454 2982 1550 3048 dede·

499 3082 576 3135 -rant
601 3081 640 3134 ut
665 3066 854 3152 suffragium
881 3089 978 3132 suum
1006 3068 1084 3155 ipsis
1109 3069 1345 3148 commodaret,
1372 3069 1550 3155 perdeBaut

504 3153 627 3239 ubsque
642 3151 714 3217 ullo
724 3152 846 3217 fructu.
857 3148 1078 3234 ¹Vssssrns.

549 3237 633 3302 lbid.
649 3237 672 3300 l.
691 3243 738 3300 16.
760 3239 808 3301 nal
823 3235 878 3300 οὔτ’
893 3238 946 3319 ὡς]
958 3239 993 3301 ln
1010 3237 1228 3304 vetustissimo
1242 3237 1355 3303 codice
1370 3238 1555 3317 Menariae>

505 3323 589 3389 Fuk.
606 3338 640 3387 ct
654 3322 817 3386 Medicaeo
832 3323 953 3408 legitur
974 3324 995 3408 ag
1016 3322 1100 3405 ciro,
1119 3326 1310 3409 ύψηλοφρονεῖ.
1354 3324 1421 3388 Sed
1437 3323 1550 3389 rectior

504 3422 556 3473 est
569 3407 700 3492 vulgata
715 3404 884 3492 scriptura,
904 3406 965 3486 (dre
979 3410 1014 3482 ὥς
1028 3410 1124 3487 ὑψηλὰ
1138 3413 1236 3494 φρονεῖ,
1252 3431 1350 3494 quam
1361 3407 1433 3493 edd.
1445 3408 1552 3493 steps.

506 3506 605 3578 atque
623 3491 738 3557 Vclesir'
759 3512 825 3577 prae
848 3514 883 3556 se
906 3492 1030 3574 ferunt)
1044 3515 1142 3579 quam
1159 3494 1279 3579 Regius
1294 3493 1400 3558 codex
1419 3508 1453 3558 et
1469 3495 1553 3581 Syuv

501 3578 606 3647 sellus
628 3591 662 3642 et
681 3576 888 3662 Nicephorus
910 3579 1112 3641 confirmant.
1156 3580 1241 3642 Haec
1256 3579 1344 3643 enim
1359 3579 1455 3643 verba
1475 3599 1554 3664 peu-

502 3662 586 3728 dent
600 3684 641 3726 ex
655 3661 883 3747 superioribus.
906 3665 1119 3726 Vssssrns.
1162 3665 1235 3748 Ego
1255 3663 1441 3727 Strothium
1462 3685 1552 3728 sccu-

507 3761 564 3813 tus
577 3770 647 3811 sum
664 3749 686 3832 ’i
703 3744 748 3810 ἔτ’
759 3749 796 3821 ὥς
814 3766 848 3809 re
873 3762 1036 3826 oncutem,
1050 3747 1131 3812 dum
1146 3746 1237 3812 notat
1251 3749 1371 3812 habere
1385 3750 1456 3812 Bon
1479 3744 1554 3813 ursii

500 3847 541 3899 -et
554 3831 713 3898 Jonesicnr'
727 3846 835 3916 exemp
870 3831 914 3895 ris
928 3832 1094 3896 Lectiones
1104 3831 1151 3911 κα)
1166 3831 1236 3909 irus
1252 3834 1444 3918 ὑψηλοφρονεῖ,
1454 3770 1553 3897 itter-

507 3917 640 4001 plturttrn
655 3932 764 3981 autem
781 3919 828 3980 nul
844 3914 905 3979 crire
919 3919 953 3992 ὥς
969 3919 1080 4000 ridebere
1098 3920 1160 3980 orei.
1190 3918 1355 4004 Scriptum
1369 3917 1510 3985 habetur
1522 3916 1558 3981 io

511 4003 610 4066 MSto
628 4000 728 4067 Savil.
743 4024 800 4066 seu
816 4000 907 4066 Bodt.
933 4004 940 4024 “
959 3999 1073 4075 odensi
1107 4006 1249 4087 ,λοφρονεί

556 4082 640 4152 ibid.
656 4086 678 4150 l.
695 4099 742 4162 17.
766 4085 923 4174 lennrelprn
941 4087 1005 4151 ·De
1021 4087 1280 4172 procuratoribus
1293 4086 1473 4153 ducenariis
1486 4086 1555 4152 vide

513 4193 586 4257 quae
602 4170 728 4257 scripsit
746 4172 921 4235 Salmasius
940 4174 975 4236 in
993 4173 1079 4237 notis
1097 4171 1139 4236 ad
1160 4173 1340 4237 Historiam
1356 4175 1555 4259 Augustam.

499 4252 566 4322 .Sic
589 4255 779 4319 dicebantur
800 4256 1036 4341 procuratoies,
1053 4257 1109 4342 qni
1131 4257 1271 4321 ducenta
1292 4261 1441 4322 sestertia
1462 4256 1557 4343 annui

513 4341 621 4406 salarii
643 4341 773 4402 nomine
792 4342 991 4424 accipiebant
1014 4364 1034 4404 a
1057 4343 1211 4427 principe,
1226 4357 1262 4406 ut
1276 4342 1362 4406 clare
1378 4342 1478 4407 docet
1492 4344 1560 4406 Dio

513 4427 546 4490 in
573 4425 630 4514 lib.
653 4423 710 4488 liii.
738 4445 813 4510 pag.
838 4429 1140 4511 506.Vssss1us.
1183 4428 1374 4491 Ducenarii
1397 4428 1560 4513 principes

514 4511 610 4575 officii
626 4523 726 4586 erant,
740 4524 777 4572 ut
792 4524 926 4574 testatur
943 4513 1061 4574 Scosus
1087 4513 1153 4594 (De
1176 4511 1365 4597 Insignibus·
1381 4514 1442 4576 Ma
1468 4514 1558 4577 istra·

500 4597 622 4677 -tuum)
640 4594 689 4658 vel
712 4594 797 4679 apud
818 4595 1005 4678 praefectum
1021 4597 1252 4682 Augustalem‚
1267 4592 1355 4660 vela
1379 4597 1425 4661 ud
1477 4597 1559 4663 omi-

515 4696 582 4759 tem
597 4680 749 4760 Orientis,
767 4678 974 4757 cancellariis
996 4683 1112 4746 nostris
1127 4679 1278 4746 similes·
1307 4683 1363 4749 Ha
1405 4682 1485 4749 bant
1500 4682 1559 4749 sub
