4092 5675
505 768 572 838 334
843 745 1202 817 ANNOTATIONES

507 916 591 983 ravit
607 916 743 983 Herodes
757 916 867 1017 urlani
879 918 1053 1019 Neapolim
1067 932 1102 985 et
1121 919 1279 1020 Stratonis
1292 939 1398 1019 arcem
1415 932 1542 988 auctora

508 1002 690 1070 Cesaream
710 1002 893 1091 appellauit,
919 1026 993 1092 φναν
1012 1028 1086 1090 μνη
1109 1005 1279 1114 Nicopolis
1302 1005 1413 1085 cudtt5
1436 1007 1541 1073 arbem

434 1144 439 1151 .
505 1088 604 1154 otiam
621 1088 770 1155 Jabalam
790 1088 935 1156 condidit.
973 1092 1035 1156 Pro
1055 1096 1104 1155 τοῦ
1124 1089 1288 1179 &paratos
1307 1093 1422 1179 ωυςγὸν
1443 1091 1541 1158 habet

507 1171 554 1237 τίν
566 1173 605 1239 Σ.
619 1201 661 1239 π.
676 1175 753 1241 MS.
766 1174 848 1240 alter
862 1175 1036 1241 Parisinus.

551 1260 587 1324 P.
602 1273 669 1324 182.
685 1260 708 1326 l.
719 1266 750 1325 6.
771 1261 794 1348 ‘i
810 1261 1022 1349 Ἀντιπατρίδα]
1044 1262 1095 1327 lta
1115 1259 1268 1347 scaligeri
1282 1260 1398 1328 Euseb.
1414 1274 1448 1327 et
1462 1263 1538 1330 MS.
1559 1329 1563 1339 ,

507 1354 636 1432 uterque
650 1345 754 1411 Poris.
789 1346 895 1416 Abest
914 1346 1070 1433 particula
1086 1347 1108 1434 ’l
1127 1347 1183 1412 aS
1209 1346 1323 1414 ocello.
1359 1347 1539 1434 Antipatris

508 1429 585 1496 urbs
609 1430 672 1496 fuit
697 1431 859 1510 Samariae,
880 1453 978 1520 quam
1000 1431 1166 1498 aedificavit
1224 1431 1348 1513 erodes3
1370 1446 1410 1499 ut
1436 1450 1541 1500 namt

506 1516 586 1582 Jose
607 1515 669 1582 hus
686 1516 800 1604 Antip.
822 1516 879 1582 lib.
893 1517 955 1581 xvi.
977 1539 1049 1618 cap.
1063 1533 1094 1581 5.
1115 1518 1148 1582 in
1172 1538 1289 1605 campo
1311 1517 1538 1604 capharsaba3

507 1600 565 1687 qui
580 1537 714 1667 irrtasse
727 1624 860 1688 campus
874 1603 986 1703 Lydus
1000 1603 1054 1702 luc
1066 1624 1108 1689 ap
1122 1689 1129 1702 ι
1150 1602 1245 1703 llatps
1257 1618 1309 1703 est
1321 1618 1456 1692 propter
1469 1605 1541 1671 vici·

507 1688 755 1837 serm
767 1687 1226 1861 illustraretur
1238 1701 1434 1847 ξίν...
1453 1780 1539 1872 a·

506 1856 571 1921 τίων
588 1857 662 1941 &c.]
678 1857 793 1957 Brevis·
809 1857 879 1923 haec
897 1859 1056 1925 sententia
1079 1859 1172 1957 plura
1188 1858 1230 1924 ad
1250 1873 1436 1947 temporum
1452 1883 1539 1926 men·

505 1963 616 2042 suram
636 1956 815 2043 spectantia
838 1945 993 2043 continet.
1038 1944 1237 2044 Hujusmodr
1262 1958 1313 2045 est
1330 1944 1453 2047 clarior
1472 1945 1538 2036 ejus

506 2027 1001 2214 &titillatam
1015 2029 1539 2216 lltultffltll’pllssll

506 2198 741 2264 intercalandos
762 2213 898 2286 excepit,
918 2222 993 2265 cum
1012 2222 1101 2287 pnus
1122 2199 1267 2268 nonnihil
1285 2214 1376 2268 extra
1396 2202 1537 2268 ordinem

380 2321 383 2328 -
506 2283 750 2364 exorbitassent,
763 2297 797 2348 et
814 2284 847 2349 in
870 2309 941 2352 aerae
955 2286 1168 2352 Antiochense
1184 2285 1374 2386 vigesimum
1391 2301 1537 2374 quartum

502 2369 573 2456 jam
588 2371 786 2457 completum
801 2384 835 2435 et
846 2371 1032 2437 absolutum
1046 2371 1159 2442 incidit
1163 2396 1174 2451 ;
1189 2392 1291 2438 venus
1306 2383 1395 2440 certe
1408 2394 1539 2460 repone-

506 2477 575 2520 rem
596 2455 788 2542 vigesimum
810 2456 958 2542 quintum
968 2481 979 2536 3
1001 2479 1069 2545 quo
1086 2457 1184 2522 etiam
1200 2456 1420 2545 AEgyptiacus
1441 2479 1538 2528 annus

505 2542 594 2625 prius
609 2563 708 2627 vagus
731 2556 764 2605 et
783 2541 933 2621 incertus,
949 2542 997 2606 vel
1013 2556 1121 2608 certus
1140 2542 1283 2629 quidem,
1297 2555 1333 2608 at
1352 2564 1420 2614 non
1441 2543 1538 2630 magis

507 2626 654 2692 Romano
674 2650 694 2690 a
714 2627 902 2692 confusione
923 2628 1056 2693 liberet
1075 2628 1229 2695 immunis
1243 2627 1323 2692 fixus
1338 2628 1495 2708 constitit,
1506 2643 1538 2693 et

505 2711 595 2776 cinni
609 2711 725 2776 menda
738 2713 924 2799 castigatus.
947 2714 1120 2780 Gonnus.
1137 2780 1139 2783 ,
1159 2713 1226 2800 Qui
1239 2713 1373 2799 longam
1388 2714 1538 2801 interpre-

505 2797 661 2863 tationem
682 2795 779 2884 hujus
802 2797 866 2862 loci
884 2798 1003 2885 pariter
1016 2812 1114 2900 atque
1127 2820 1259 2865 suorum
1273 2799 1448 2865 verborum
1465 2801 1537 2867 sub·

500 2881 620 2969 junxit.
662 2883 750 2946 Ante
766 2882 970 2947 adnotaverat
992 2885 1137 2970 Scaliger
1158 2884 1199 2949 ad
1219 2905 1322 2964 voces,
1337 2887 1369 2949 ii
1384 2885 1416 2963 ἧς
1431 2888 1474 2948 ἐπὶ
1489 2893 1537 2950 τᾶν

505 2965 576 3033 ἰδίων
594 2965 672 3055 igino
692 2966 739 3045 ἔςη
761 2973 773 3029 ὁ
796 2968 933 3042 iaromir:
955 2971 1051 3033 “Per
1071 2992 1165 3057 quom
1189 2969 1423 3056 (Olympiadem
1435 2971 1537 3035 Julia-

505 3059 529 3093 “
540 3056 626 3136 nom)
645 3052 729 3117 intro
741 3051 898 3140 suosfines
912 3076 1011 3118 annas
1023 3056 1144 3141 cogitur
1157 3065 1188 3119 et
1201 3054 1332 3120 sistitur.
1368 3057 1458 3121 Nam
1473 3056 1537 3121 dies

505 3144 528 3178 “
540 3137 795 3218 intercalatitius‚
817 3139 907 3226 quod
928 3140 1088 3205 bisextum
1112 3140 1240 3220 dicitur,
1262 3140 1397 3206 cohibet
1421 3163 1536 3207 anuum

503 3229 528 3265 “
542 3223 626 3289 intra
640 3225 717 3290 fines
731 3246 819 3305 tuoe,
830 3248 869 3290 ne
883 3225 916 3289 in
927 3226 1149 3291 antecedentia
1161 3239 1305 3312 vagetur,
1317 3238 1354 3291 ut
1364 3227 1536 3315 AEgyptia·

504 3316 528 3350 “
537 3333 611 3460 pus,
627 3311 849 3392 Armeniacus,
861 3324 893 3376 et
904 3310 1180 3398 chdegirdicus.’'
1204 3313 1278 3376 Not.
1295 3312 1328 3376 ia
1346 3312 1463 3379 Graeco
1474 3313 1539 3377 Eu·¹

504 3417 536 3465 re
557 3418 612 3484 .p.
624 3410 692 3462 aaa.
1176 3415 1178 3418 ·

1000 3656 1096 3732 Lm

548 3826 581 3891 P.
595 3839 662 3899 183.
677 3825 699 3889 l.
710 3839 740 3890 2.
766 3828 1026 3905 ἈΦΡΙΚΑΝΟΥ,
1039 3825 1107 3912 περὶ
1120 3831 1174 3888 τῶν
1190 3827 1312 3889 κατὰτὸ
1326 3824 1459 3912 casipate
1473 3827 1534 3892 arsi·

500 3918 551 3988 θος
568 3912 643 3995 See]
660 3913 746 3976 Haec
770 3913 897 3997 partim,
910 3911 951 3975 ad
971 3933 1072 3997 usque
1093 3909 1244 3974 nimirum
1263 3911 1359 3975 verba
1375 3916 1418 3997 τῷ
1432 3918 1534 3993 Δανιὴλ

501 3997 544 4062 ad
559 4019 633 4084 pag.
653 4011 720 4062 184.
739 3998 794 4061 lin.
812 4010 858 4062 14.
881 3995 1097 4083 suppeditavit
1119 3996 1282 4081 Georgius
1305 3997 1477 4084 Syncellus
1496 3997 1534 4063 sd

501 4103 577 4168 pag.
586 4098 655 4147 323.
669 4097 703 4148 et
717 4105 805 4170 seqq.
827 4105 899 4170 quae
919 4083 952 4146 in
973 4080 1308 4181 Eusebianisquoque
1329 4104 1371 4146 ex
1391 4082 1534 4170 Georgia

502 4167 672 4266 desumpta
687 4170 795 4254 posuit
810 4169 952 4254 Scaliger
966 4167 1007 4231 ad
1021 4189 1097 4253 pag.
1111 4179 1161 4243 77.
1198 4167 1335 4264 Rehqua
1357 4169 1477 4253 partim
1498 4189 1534 4233 ex

501 4251 643 4318 Eusebio
669 4253 701 4316 in
727 4255 940 4318 Demonstrat.
965 4253 1093 4340 Evoog.
1122 4265 1156 4316 et
1179 4251 1309 4340 Eelogas
1333 4252 1533 4338 Propheticis,

500 4338 616 4425 partim
631 4359 671 4401 ex
684 4338 799 4403 eodem
816 4337 957 4426 syncello
972 4338 1085 4403 desum
1110 4351 1143 4401 ta
1157 4351 1243 4402 sunt.

544 4423 628 4488 Ibld.
644 4423 665 4487 l.
680 4438 710 4485 5.
731 4429 772 4487 Τὸ
786 4425 814 4487 δὲ
828 4427 893 4488 καθ’
908 4422 1006 4499 inmas
1020 4359 1257 4506 &elimasse
1271 4423 1450 4512 legendum
1464 4424 1532 4503 tiit,

500 4510 592 4595 quasi
609 4508 724 4574 dixerit
741 4508 781 4575 de
801 4531 834 4573 re
856 4509 962 4596 aliqua
982 4523 1107 4587 auctor,
1126 4507 1181 4573 luc
1202 4509 1235 4573 in
1257 4509 1399 4597 singulis¹
1414 4508 1533 4576 Christi

499 4595 612 4680 gestis,
637 4594 854 4661 curationibus
879 4595 961 4684 ejus,
984 4595 1170 4681 caeterisque
1194 4595 1301 4675 rebus,
1326 4617 1348 4662 a
1372 4594 1531 4684 discipuli·

497 4680 718 4772 apostolisque
733 4680 931 4748 abundanter
944 4681 1200 4777 demonstratum
1213 4694 1280 4748 esti
1307 4743 1313 4753 .
