4092 5675
474 583 498 645 4
766 557 1129 628 Annorurronss
1205 603 1209 610 -

471 729 634 832 draginta,
648 739 682 796 et
695 730 794 817 alpina
807 743 821 797 t
838 730 847 746 ’
873 730 948 807 ‘nta,
965 753 1048 818 quos
1062 729 1168 796 riardo
1182 727 1224 794 de
1237 733 1299 795 suo
1313 729 1469 800 addidisse

454 841 458 858 ·
470 817 660 882 Africanum
674 830 825 882 causatur
868 817 1009 896 usebins,
1023 815 1095 881 aliis
1109 829 1178 880 teo.
1190 815 1365 884 Judioibus
1384 819 1470 884 attri-

448 899 563 968 ‘butis
582 901 807 968 continentum
835 902 892 988 qui
914 902 990 967 licet
1011 903 1053 966 ab
1076 901 1471 988 Euenit-eomputosut

440 993 461 1030 ·'‘
474 986 570 1054 alieni
591 987 974 1076 adeoqueredundantes
990 987 1118 1076 judicet
1138 987 1307 1068 Eusebius,
1330 987 1471 1054 Afliosiri

434 1079 458 1114 ‘³
471 1087 582 1138 tamen
599 1087 757 1160 computo
779 1087 855 1140 sunt
876 1072 992 1153 intimi,
1006 1089 1041 1138 et
1056 1087 1091 1138 ut
1105 1093 1178 1174 pars
1192 1073 1263 1160 ejus
1276 1087 1385 1139 totam
1394 1073 1472 1142 edb-

433 1164 457 1200 “
470 1173 551 1224 eunt
562 1157 705 1226 molem:
727 1158 873 1246 adeoque
885 1160 983 1224 semel
998 1171 1158 1224 numerati
1179 1177 1240 1222 ceu
1263 1159 1405 1246 propriis
1418 1161 1472 1226 Ju-

433 1249 459 1285 “
472 1241 582 1312 dicum
594 1245 752 1324 metenti,
765 1267 830 1309 non
844 1243 1022 1310 debuerant
1040 1243 1138 1331 priori
1160 1265 1297 1310 numero
1312 1245 1472 1312 arrueet'rl¹

433 1331 520 1398 Hoc
533 1329 672 1398 Gnarus.
715 1329 795 1409 Sed,
807 1343 844 1395 ut
857 1331 1018 1411 omittam,
1033 1323 1224 1416 exprobrare
1238 1329 1400 1396 Africano
1410 1329 1474 1398 Eu·

432 1415 558 1486 rebium
573 1414 701 1482 additos
712 1437 783 1480 esse
796 1416 838 1480 ab
851 1439 892 1481 eo
906 1438 1007 1480 annos
1023 1430 1092 1495 170,
1106 1436 1171 1480 non
1184 1415 1397 1502 septuaginta·
1406 1427 1473 1482 tm·

433 1513 518 1581 tum,
540 1501 605 1602 hoc
626 1516 781 1588 preterea
801 1501 864 1566 alia
883 1523 922 1566 ac
943 1501 1057 1601 verion‘
1078 1501 1202 1566 ratione
1219 1497 1315 1566 nole
1335 1501 1474 1588 probatu

432 1586 1473 1760 “slolffilji‘ulllllltllllislullffl

432 1757 508 1910 ili?
528 1767 600 1833 740.
619 1777 833 1824 enumerasse.
882 1760 991 1846 Quam
1013 1771 1101 1823 recte
1121 1757 1156 1823 id
1177 1756 1302 1840 swerit,
1329 1765 1474 1846 querant

445 1975 451 1982 .
478 1928 516 1992 ln
528 1926 599 2014 ipss
610 1939 720 1992 sutem
734 1927 879 1993 Africani
894 1929 980 2015 ῥήσει,
995 1950 1091 2028 quam
1106 1942 1182 1994 ante
1196 1925 1237 1992 ad
1251 1927 1358 1994 Num.
1374 1947 1475 1994 xxti.

432 2033 473 2080 ex
491 2013 624 2080 Eusebii
637 2013 874 2100 Propontidos
894 2013 1025 2093 addaiu,
1045 2013 1136 2078 Mori
1158 2013 1383 2098 attribuuntur
1401 2013 1474 2100 anni

430 2113 482 2166 so.
495 2112 572 2186 post
590 2097 730 2166 exodum
748 2099 831 2187 ejus,
845 2101 955 2165 Josuae
974 2121 1049 2164 vero
1068 2113 1120 2177 2⁵,
1140 2097 1213 2183 (iel,
1234 2112 1272 2164 ut
1293 2097 1393 2166 haud*
1406 2099 1473 2184 ffl-

431 2211 492 2274 γας
504 2185 623 2272 placet,
633 2189 699 2270 27.)
715 2185 900 2253 Senioribus
913 2200 964 2251 ³0.
1001 2185 1172 2250 Jndicibus
1191 2186 1225 2250 in
1246 2183 1335 2250 libro
1341 2197 1472 2274 eogno-

432 2270 521 2338 mine
541 2270 729 2336 nlemoratis
741 2283 814 2352 490.
852 2272 930 2336 Heli
951 2281 985 2336 et
1005 2270 1149 2335 Samueli
1169 2269 1404 2338 sacerdotium
1416 2283 1472 2360 W?

431 2357 551 2445 quibus
577 2358 713 2422 summis
740 2356 885 2422 collectis
912 2358 987 2422 anni
1015 2354 1151 2421 universi
1176 2367 1474 2444 commemorantur

431 2449 503 2520 675.
517 2441 560 2507 ad
574 2443 732 2528 Samuelis
747 2443 855 2507 finem.
898 2445 1106 2532 Quapropter
1121 2454 1241 2506 restant
1255 2439 1331 2506 anni
1341 2453 1473 2508 -tautnm

430 2525 666 2618 6⁵‚vc163,ad
679 2528 906 2615 complendam
921 2549 1084 2592 summam
1095 2539 1338 2604 annorum740.
1354 2527 1400 2592 ad
1417 2527 1474 2594 Se·

432 2611 571 2679 lomonis
593 2634 714 2678 annum
734 2627 908 2714 quartum3
930 2637 969 2677 ex
984 2613 1108 2702 quibus¹
1123 2625 1198 2702 post
1218 2633 1324 2702 annos¹
1336 2611 1473 2680 illoow.

432 2699 475 2764 ab
500 2697 810 2764 omnibus.Dav1dis
833 2719 934 2784 regno
960 2699 1145 2780 attributos,
1168 2711 1203 2764 et
1225 2697 1474 2786 quadriennium

433 2781 627 2863 Salomonis,
647 2783 831 2870 assignandi
852 2783 965 2870 reliqui
987 2784 1061 2848 anni
1082 2785 1166 2851 erint
1190 2799 1238 2864 19.
1261 2783 1309 2851 vel
1333 2793 1386 2851 21.
1406 2783 1475 2875 rem

433 2868 524 2947 Saul,
539 2868 632 2957 cujus
651 2892 750 2934 annos
769 2880 819 2935 4ο.
839 2870 871 2934 in
891 2870 983 2934 Actis
996 2870 1218 2956 Apostolomm
1236 2884 1475 2957 commemora·

433 2967 582 3022 tuscum
602 2968 693 3042 parte
716 2978 872 3020 annorum
894 2957 1055 3022 Samuelis
1074 2956 1223 3038 connecti
1243 2956 1477 3055 debetu'rlrlgo

433 3053 547 3108 notum
562 3054 624 3107 est.
660 3082 664 3090 ·

475 3126 602 3193 Adhrec
621 3126 718 3193 inierit
737 3127 816 3192 utile
830 3125 975 3191 Africani
990 3148 1153 3205 numeros,
1169 3127 1226 3213 qui
1240 3127 1272 3191 in
1287 3125 1378 3209 dieto
1393 3124 1477 3195 libro

432 3212 681 3300 Proeporntionis
697 3213 739 3278 ab
757 3214 898 3278 Eusebio
918 3213 1011 3277 nobis
1031 3228 1207 3291 servantur,
1222 3212 1298 3277 satis
1314 3228 1414 3301 unos
1427 3226 1476 3279 at·

432 3320 498 3389 que
510 3299 655 3385 integros
669 3321 751 3377 csse,
767 3320 807 3362 ex
819 3296 930 3362 multis
945 3298 1014 3363 aliis
1029 3297 1111 3361 inter
1131 3318 1165 3361 se
1185 3296 1265 3362 locis
1279 3292 1409 3379 collatis
1422 3320 1476 3365 os·

432 3384 575 3451 tendere.
646 3388 725 3449 uurn'
738 3384 826 3448 aisti
850 3405 884 3447 sc
898 3383 1069 3448 Africanus
1083 3382 1123 3447 ad
1139 3385 1241 3449 Num.
1256 3400 1340 3449 xxa.
1355 3382 1477 3473 signari

431 3470 582 3573 deberes
596 3386 725 3535 offundo
742 3406 884 3534 Conciito
899 3469 940 3533 ad
955 3469 1091 3557 losephi
1111 3484 1250 3534 mortem
1267 3490 1369 3536 annos
1384 3474 1476 3549 ³⁵6³,

431 3553 1218 3739 lllllsslllllllllrllllllll&
1231 3553 1477 3733 llglutsslss

431 3726 487 3793 ille
500 3748 651 3792 numerus
665 3735 755 3792 ³563.
771 3726 861 3791 annis
875 3740 945 3791 585.
960 3740 1190 3815 conjungatur,
1204 3726 1344 3813 quosab
1356 3724 1477 3793 'Exodo

432 3812 539 3879 Moris
560 3811 602 3877 'sd
625 3811 703 3877 Heli
725 3812 815 3877 initia
835 3813 905 3899 ipse
931 3811 977 3876 ait
1001 3813 1033 3876 in
1053 3814 1157 3877 Num.
1180 3832 1281 3877 xxrr.
1304 3810 1477 3899 colleg'me

432 3896 495 3965 sibi
516 3898 702 3979 Africanus,
729 3920 856 3964 summa
880 3897 1036 3963 efficietur
1048 3910 1140 3976 4148,
1188 3919 1232 3962 uo
1255 3906 1395 3969 numero
1418 3896 1476 3975 'de-

431 3981 533 4049 ducto
546 3983 589 4048 ab
604 3984 755 4049 universis
771 3984 861 4049 annis
874 3996 964 4063 4292.
983 4006 1003 4048 a
1024 3982 1157 4048 Mundo
1226 3982 1316 4048 ndito
1334 3980 1376 4049 ad
1397 3982 1477 4073 Heli

431 4066 560 4135 initium
589 4068 796 4155 computatis,
827 4090 957 4137 summa
984 4091 1142 4134 annorum
1178 4067 1376 4169 relinquetur
1408 4074 1477 4149 134,

432 4175 507 4243 que
520 4150 653 4242 quidem
668 4176 796 4220 summa
810 4155 949 4241 tempori
968 4155 1092 4243 optime
1113 4166 1297 4220 convenerit
1317 4154 1403 4219 inter
1415 4156 1477 4221 Jo-

431 4238 526 4328 sephi
547 4237 675 4305 obitum
699 4241 870 4329 Mosisque
892 4240 1045 4307 exodum.
1097 4242 1170 4305 Imo
1197 4254 1372 4327 postquam
1403 4234 1477 4305 hre'c

431 4326 556 4415 scripsi,
570 4339 622 4392 tot
641 4323 683 4390 ad
703 4348 806 4391 unum
828 4349 941 4406 annos,
962 4326 1017 4414 qui
1040 4340 1116 4392 sunt
1132 4338 1200 4405 144,
1221 4325 1297 4411 huie
1318 4336 1384 4390 tem
1450 4326 1457 4341 ⁸

431 4409 598 4479 intervallo
625 4412 766 4478 tribuere
789 4412 854 4477 vidi
879 4435 956 4477 cum
982 4424 1121 4478 veterem
1150 4410 1339 4500 scriptorem
1368 4346 1477 4479 Filiie¹73

414 4495 536 4578 ¹ltium,
548 4508 620 4565 tum
639 4508 798 4588 magnum
819 4498 989 4565 Usserium
1009 4498 1043 4564 in
1068 4496 1274 4585 Clrorwlogia
1296 4518 1356 4562 sua
1376 4496 1477 4562 Sacro
