4092 5675
722 1002 1330 1142 Aunornrrouus

541 1278 604 1361 IN
631 1280 679 1363 Β.
706 1280 1032 1363 ALEXANDRI
1062 1279 1276 1361 HIEROS.
1307 1275 1514 1360 FRAGM.

891 1537 1151 1571 *-

550 1707 585 1773 P.
602 1722 652 1786 39.
678 1709 700 1772 l.
721 1723 749 1773 8.
771 1710 949 1797 Ἀλέξανδρος
974 1710 1048 1795 &c.]
1079 1709 1235 1775 Praemisit
1258 1708 1365 1786 verba,
1392 1730 1464 1794 quae
1492 1730 1544 1772 se-

506 1806 660 1879 quuntur‚
676 1796 853 1860 Eusebius:
875 1803 931 1874 Τῆς
952 1798 978 1858 δὲ
1002 1799 1064 1858 κατ’
1084 1796 1258 1883 Ἀντιόχειαν
1278 1793 1428 1871 ἐκκλησίας
1442 1793 1544 1877 Σαρα-

504 1877 600 1952 πίωνος
613 1882 853 1963 ἀναπαυσαμένου,
867 1887 914 1960 τὴν
934 1885 1081 1959 ἐπισκοπὴν
1101 1882 1257 1969 διαδέχεται
1276 1878 1492 1957 Ἀσκληπιάδης·
1517 1884 1544 1942 ἓν

506 1967 568 2038 ταῖς
581 1969 657 2027 κατοὶ
670 1969 716 2029 τὸν
729 1969 848 2051 διωγμὸν
863 1969 981 2051 (Severi
999 1970 1095 2052 Imp.)
1111 1968 1273 2051 ὁμολογίαις
1285 1966 1437 2051 διαπρέψας
1451 1967 1473 2051 ri,
1489 1969 1543 2027 aui·

504 2048 561 2123 ris.
581 2050 776 2131 piprrrou'nai
789 2059 836 2128 τῆς
851 2054 946 2117 τούτου
961 2054 1145 2127 καταςίισεοις
1159 2053 1351 2138 Ἀλέξανδρος,
1365 2054 1543 2135 Ἀντιοχεῦσι

504 2134 619 2221 γράφων
631 2134 692 2201 ὦδε.
715 2141 993 2205 ΑΛΕΞΑΝΔΡΟΣ
1010 2140 1070 2202 &e
1099 2138 1278 2203 Antiochiae
1293 2160 1361 2200 vero
1379 2135 1544 2221 Serapione

505 2234 635 2301 mortno,
664 2222 872 2309 episcopatum
904 2223 1041 2289 ecclesiae
1069 2224 1199 2309 suscepit
1226 2222 1450 2306 Asclepiades:
1489 2222 1544 2309 qui

500 2309 722 2391 persecutionis
752 2320 884 2396 tempore
902 2311 1005 2396 fidem
1034 2311 1151 2375 Christi
1180 2310 1344 2397 corifasiae,
1370 2308 1544 2371 marimum

503 2392 639 2540 pluriam
653 2394 814 2461 retulerat.
851 2398 957 2482 Hujus
974 2396 1177 2460 ordinationis
1198 2394 1381 2459 nrerrtioneni
1391 2394 1481 2477 facit
1497 2397 1545 2457 A·

518 2481 655 2543 axander
665 2482 702 2544 in
717 2481 847 2565 epistolii
859 2484 901 2545 ad
910 2482 1130 2545 Antiochenses
1142 2482 1189 2544 his
1203 2480 1311 2544 cerlis.
1334 2481 1544 2543 ALEXAN-

504 2564 598 2631 DER
612 2565 671 2630 dcc.
701 2567 936 2631 Seasrrours
955 2569 1137 2653 fragmenta
1159 2589 1254 2652 supra
1272 2566 1403 2643 adduxi,
1418 2566 1495 2631 Vol.
1513 2566 1542 2630 Ι.

503 2670 580 2735 pag.
594 2656 664 2728 469.
684 2666 717 2716 et
732 2652 835 2716 deinc.
873 2652 982 2738 Hujus
1005 2668 1113 2715 autem
1135 2651 1310 2715 Alexandri
1332 2651 1543 2735 epistolarum

503 2734 713 2800 chronotaxin
735 2738 903 2802 constituit
924 2740 1012 2801 Sam.
1028 2738 1207 2823 Basnagius
1221 2739 1254 2801 in
1270 2736 1550 2819 Polluci-eccles„

502 2821 683 2903 Annalibus
695 2823 735 2889 ad
747 2847 798 2888 an.
811 2839 879 2886 251.
896 2847 927 2910 p.
941 2830 999 2888 362
1011 2849 1019 2902 ;
1035 2837 1068 2887 et
1082 2824 1182 2887 virum
1199 2825 1345 2888 sanctum
1361 2847 1398 2886 ex
1413 2823 1545 2911 Diony-

410 2922 412 2926 ’
503 2907 541 2971 sii
557 2908 651 2972 Alex.
667 2909 797 2995 epistola
813 2909 855 2972 ad
868 2908 1044 2974 Cornelium
1059 2911 1200 2974 ostendit
1213 2923 1348 2973 exeunte
1363 2909 1544 2974 Novembri

502 2992 600 3080 hujus
620 2997 695 3060 anni
709 3010 778 3074 251,
794 2995 848 3059 vel
864 2997 995 3060 ineunte
1016 2997 1203 3073 Decembri,
1218 2996 1294 3081 quia
1313 2995 1417 3059 Decio
1437 2995 1542 3082 impe·

501 3095 593 3143 rante
613 3081 682 3144 fato
701 3081 830 3146 functus
850 3097 944 3161 esset,
968 3082 1032 3146 vita
1053 3081 1247 3160 decessisse3
1277 3081 1409 3145 Fabium
1432 3096 1542 3146 autern

501 3165 744 3232 Antiochenum
779 3169 952 3232 mortuum¹
973 3167 1072 3232 fuisse
1106 3191 1188 3232 novo
1224 3167 1330 3231 adhuc
1358 3182 1541 3231 annoasa.

502 3252 682 3338 Epistulam
702 3275 774 3318 vero
794 3254 931 3340 primam
952 3254 1039 3318 illam
1062 3276 1131 3317 esse
1152 3268 1246 3340 putat
1262 3254 1307 3316 vir
1322 3252 1363 3318 cl.
1380 3276 1452 3338 quae
1468 3255 1540 3316 An-

501 3337 684 3404 tiochenses
704 3340 782 3404 adiit
802 3341 842 3404 de
857 3340 1060 3426 Asclepiade,
1076 3362 1172 3424 quem
1188 3341 1374 3423 episcopum
1394 3338 1454 3400 sibi
1476 3339 1540 3402 im·

501 3439 679 3508 posuerunt
699 3425 877 3510 imperante
898 3427 1026 3488 Severo.
1062 3424 1224 3488 Clementi
1239 3423 1456 3487 Alexandrino
1472 3425 1542 3510 epi·
1605 3430 1613 3445 '

501 3509 618 3574 stolam
639 3511 802 3575 ferendam
824 3510 949 3574 dedisse
967 3508 1186 3573 Alexandrum
1203 3509 1287 3573 idem
1303 3509 1482 3593 Basnagius
1496 3511 1542 3575 ait

501 3616 586 3658 anno
600 3594 725 3659 circiter
739 3611 808 3658 211.
844 3594 1024 3659 Secundam
1047 3596 1160 3658 statuit
1181 3594 1269 3659 illam
1289 3617 1370 3671 esse,
1386 3595 1541 3680 quamde
1585 3588 1588 3595 ¹

499 3679 644 3744 eeclesiae
681 3703 737 3744 ace
752 3679 838 3745 misit
852 3680 1034 3743 Alexander
1049 3679 1089 3744 ad
1103 3680 1309 3745 Antinoitasc
1332 3680 1475 3744 Tertiam
1490 3680 1540 3745 di·

501 3766 619 3831 rexisse
633 3703 680 3832 ad
689 3765 875 3852 Origenem.
912 3765 1062 3852 Denique
1079 3780 1225 3852 quartam
1241 3767 1371 3830 missam
1387 3787 1456 3830 esse
1470 3749 1540 3853 epl-

501 3851 618 3917 stolam
633 3875 716 3916 anno
732 3852 858 3916 circiter
871 3865 940 3915 230.
961 3851 1002 3915 ad
1022 3851 1226 3916 Demetrium
1247 3850 1450 3915 Alexandriae
1470 3851 1541 3938 epi·

500 3958 648 4024 scopum,
659 3954 696 4004 ut
711 3937 895 4004 ostenderet
909 3939 957 4000 fas
971 3936 1070 4002 luisse
1085 3938 1183 4017 laicis,
1194 3935 1404 4022 praesentibus
1416 3936 1539 4022 episco-

500 4023 549 4122 pis
565 4024 758 4088 concionari.
789 4022 852 4087 Sed
868 4037 900 4088 et
914 4022 992 4088 alias
1004 4023 1182 4088 Alexandri
1195 4023 1236 4087 ad
1251 4023 1391 4086 diversos
1406 4034 1548 4086 annotat·

500 4108 586 4179 idem
601 4109 647 4175 vir
660 4109 701 4174 cl.
715 4109 793 4174 olim
808 4109 950 4174 extitisse
963 4109 1125 4195 epistolas,
1138 4123 1220 4174 teste
1237 4109 1452 4194 Hieronymo,
1487 4131 1538 4171 uae
1586 4149 1600 4165 ..

500 4207 681 4281 temporum
696 4194 898 4283 malignitate
911 4196 1084 4280 perierunt.
1108 4193 1298 4259 Gallandius
1312 4205 1422 4256 autem
1436 4131 1538 4257 Alex·

497 4279 589 4353 andri
600 4280 806 4365 epistolarum
823 4281 1015 4366 fragmenta,
1028 4293 1125 4365 prout
1137 4292 1247 4345 extant
1261 4277 1346 4365 apud
1361 4278 1538 4349 Eusebium

499 4388 576 4432 eum
590 4366 675 4431 notis
689 4366 819 4445 Volesi,
833 4381 924 4430 tomo
939 4367 972 4431 ii.
987 4365 1193 4431 Bibliothecae
1212 4369 1347 4432 Petrum
1366 4387 1434 4428 suae
1452 4364 1539 4428 inse·

498 4451 573 4519 mit.
1057 4494 1060 4500 -

465 4583 468 4590 .
538 4535 625 4607 ibid.
648 4538 740 4612 δοῦλος
755 4538 803 4600 καὶ
820 4535 929 4620 δέσμιος
943 4540 1035 4615 Ἰησοῦ
1049 4536 1167 4625 Χριςοῦ]
1185 4540 1279 4611 δοῦλος
1295 4533 1397 4620 Kopion
1411 4534 1459 4596 rial
1476 4533 1538 4598 &u
1587 4554 1598 4565 '·

497 4623 538 4690 R.
552 4622 668 4710 steph.
712 4626 750 4690 In
770 4623 881 4689 codice
902 4624 1001 4690 Med·
1016 4625 1107 4691 Man.
1129 4639 1163 4690 et
1183 4622 1267 4699 Fuk.
1287 4619 1454 4708 inscriptio
1474 4618 1548 4689 hu,-
