4092 5675
733 758 786 826 IN
801 757 906 826 'CAH
928 757 1227 838 FRAGMENTA.
1452 774 1497 839 'at

460 941 566 1010 retus,
579 928 612 998 in
627 929 724 995 Msu
740 931 868 995 Boroee.
887 945 953 995 142.
970 928 1027 998 ubi
1042 930 1123 994 infra
1137 929 1286 995 scribitur
1301 934 1338 993 rii
1359 933 1423 994 Θιιῖ
1438 949 1496 1016 pro

462 1022 557 1101 Χριςῦ
577 1016 619 1082 ad
640 1038 672 1103 p.
691 1031 737 1080 ιο.
758 1016 780 1079 l.
795 1032 825 1081 5.
852 1016 969 1091 Codex
983 1016 1127 1081 continet
1142 1014 1270 1080 Eusebii
1285 1015 1498 1088 Historiarum

460 1103 638 1187 Excepta,
653 1116 690 1166 ut
704 1124 800 1211 supra
814 1102 948 1166 ostendi.

509 1189 544 1251 P.
555 1206 586 1265 9.
603 1187 625 1250 l.
643 1202 688 1250 12.
710 1212 838 1273 μαρτορα
850 1194 904 1251 τῶν
921 1186 990 1250 ἰδίαν
1004 1187 1123 1269 παθῶν]
1138 1185 1357 1264 Coustantius,
1374 1186 1429 1250 ubi
1444 1210 1497 1256 su·

463 1293 533 1358 pra,
548 1272 654 1337 Rufini
669 1270 960 1357 interpretationem
979 1270 1142 1356 adposuit,
1155 1282 1325 1356 martyrem
1339 1271 1499 1358 suamqai

463 1357 524 1422 sibi
536 1356 1151 1443 inmteltispossioor'lrostestiseartiterot.
1172 1356 1276 1420 Sedm
1323 1358 1347 1422 is
1357 1357 1398 1424 ad
1409 1379 1500 1422 men·

464 1456 532 1508 tem
551 1444 715 1528 scriptoris
728 1442 875 1508 Valesius
895 1443 1002 1508 locum
1023 1442 1140 1506 reddit.
1179 1379 1377 1527 AtqutiPrinc
1394 1444 1498 1510 firmes

464 1527 545 1594 illud
562 1530 596 1593 S.
612 1529 788 1594 Clementis
810 1529 946 1593 Romani
969 1530 1001 1592 in
1024 1526 1171 1611 Epistola
1190 1527 1231 1590 od
1249 1527 1430 1606 Corinthios,
1444 1532 1500 1603 τοῖς

458 1614 578 1695 ,tenetote
591 1620 628 1677 τὲ
642 1618 706 1678 Θιὲ
721 1614 971 1700 ἀρκούμενον-καὶ
987 1620 1024 1678 rol
1038 1617 1280 1678 ΠΑΘΗΜΑΤΑ
1302 1616 1374 1675 aristi
1394 1612 1423 1690 ἦν
1440 1616 1499 1698 arpi

466 1702 619 1781 ὀφθαλμῶν
640 1704 725 1781 ὑμῶν.
748 1700 854 1785 capii
888 1700 949 1764 ubi·
971 1699 1123 1764 Patricius
1145 1699 1260 1763 Junius
1282 1699 1500 1781 sosipatruus

463 1787 628 1868 μαθῆματα
643 1797 803 1848 mutatum
819 1785 929 1850 voluit.

511 1872 548 1934 Ρ.
564 1885 611 1934 10.
627 1870 650 1935 l.
662 1883 692 1934 4.
715 1875 763 1948 τὴν
777 1868 975 1956 εὔσπλαγχνοι
989 1866 1156 1949 ἐκκλησίαι]
1169 1869 1214 1931 Ea
1226 1868 1308 1946 vide,
1319 1892 1391 1954 quae
1404 1891 1501 1955 supra

465 1956 618 2022 annotavi
631 1956 673 2020 ad
686 1958 812 2020 Eersr.
828 1959 952 2020 Luco.
969 1975 1016 2030 er
1033 1956 1251 2020 Vrauuaus.
1267 1956 1307 2017 ad
1322 1977 1396 2040 pag.
1408 1970 1479 2020 330.

511 2041 596 2106 Ibid.
610 2041 634 2104 l.
647 2057 677 2106 5.
699 2047 797 2127 πολλῇ
811 2068 841 2105 τι
855 2046 888 2127 τῇ
903 2041 987 2118 δεήσοι
1078 2038 1188 2124 ἄμιιοι]
1205 2040 1258 2104 De
1275 2041 1502 2116 Poenltentium

466 2125 582 2192 habitu
609 2142 768 2214 gestuque
796 2127 866 2190 vide
895 2128 994 2191 Tertu
1008 2126 1083 2189 lian.
1109 2124 1150 2189 de
1176 2126 1332 2191 Pudicitia
1357 2148 1429 2211 cap.
1455 2142 1503 2191 1³.

467 2215 551 2276 Item
569 2212 610 2276 de
627 2211 814 2276 Poenitentia
829 2235 858 2275 c.
869 2230 899 2290 9.
914 2226 948 2278 et
962 2211 1168 2295 Beveregium
1181 2212 1303 2275 Annot.
1319 2211 1351 2276 in
1367 2211 1448 2275 Cau.
1459 2213 1502 2276 xi.

467 2297 610 2363 Consilii
624 2297 751 2362 Nicaeni
767 2297 874 2362 Primi.
890 2319 921 2383 p.
937 2298 1194 2371 72.Rasn1us.

514 2384 598 2448 Ibid.
621 2384 681 2457 τοὺς
701 2382 842 2465 μώλωπας
862 2381 896 2446 ὦν
916 2384 1015 2462 εἰλήφει
1030 2382 1167 2466 πληγῶν]
1185 2381 1332 2446 Valesius
1346 2396 1420 2465 post
1435 2383 1503 2447 Ru-

468 2470 569 2535 finum
588 2468 723 2546 addidit,
735 2483 794 2553 pro
810 2467 926 2532 coristi
941 2465 1136 2552 coeffessione.
1179 2468 1222 2530 Et
1242 2466 1294 2530 hic
1317 2465 1503 2538 haerendum

468 2558 588 2619 Graeco
603 2554 772 2618 duximus:
797 2554 933 2618 maxime
948 2574 1023 2617 cum
1041 2551 1254 2650 flagellorum,
1269 2552 1386 2638 quibus
1401 2555 1504 2626 Nata·

466 2640 542 2705 lisa
556 2640 673 2704 sanctis
688 2639 811 2725 angelis
826 2662 927 2704 caesus
941 2653 1157 2723 estproximo
1172 2638 1304 2715 mentio,
1341 2638 1430 2724 lagas
1444 2661 1505 2725 pro

469 2726 594 2790 Christi
608 2725 787 2789 desertione
801 2725 919 2810 potius,
935 2746 1032 2809 quam
1043 2738 1101 2806 pro
1119 2722 1236 2788 Christi
1251 2660 1436 2811 corsis-sione
1449 2748 1505 2790 ac·

468 2825 581 2898 ceptas
596 2811 649 2875 hic
662 2810 797 2897 intelligi
812 2809 964 2897 postulet.
988 2808 1212 2873 Cousrsur.

514 2898 598 2962 Ibid.
613 2897 635 2961 l.
652 2902 699 2961 16.
720 2900 835 2984 Γςαφοὶς
848 2897 897 2977 μὶν
912 2896 988 2969 θείας
1009 2895 1070 2978 dec]
1089 2895 1247 2960 Eusebius
1269 2895 1339 2960 haec
1362 2895 1504 2982 interpo-

462 2983 545 3061 suit,
561 2983 675 3056 Τούτοις
694 2983 902 3064 ἰαισυιάψωμιν
921 2982 969 3044 καὶ
989 2979 1082 3054 ἄλλοις
1100 2980 1167 3066 περὶ
1185 2989 1240 3045 τῶι
1252 2986 1341 3045 αὐτῶν
1358 2989 1407 3046 τοῦ
1420 2985 1504 3045 αὑτοῦ

466 3067 645 3156 συγῖραφίιος
660 3072 748 3148 paride
762 3073 845 3131 οὗτοι
859 3067 980 3152 ἐχούσας
993 3066 1039 3129 τὸν
1052 3065 1158 3152 τρόπον·
1182 3068 1342 3133 ΓΡΑΦΑΣ
1361 3069 1411 3147 μὶν
1428 3067 1505 3142 θείας

470 3155 533 3219 &c
569 3153 633 3218 His
655 3152 834 3250 adjiciemus
854 3152 919 3217 olio
940 3173 1059 3239 quoque
1076 3151 1211 3234 ejusdem
1228 3152 1385 3236 scriptoris
1399 3153 1436 3216 de
1451 3152 1506 3217 iis-

469 3239 541 3303 dem
562 3238 715 3303 laereticts
735 3238 836 3314 vodo,
857 3261 929 3325 quoe
949 3237 991 3302 sic
1014 3235 1149 3301 heberte
1173 3237 1346 3302 SACRAS
1360 3237 1503 3324 quidem,

465 3326 505 3400 in
528 3325 588 3402 uit,
602 3324 774 3410 scripturas
791 3325 851 3388 &c
1471 3365 1498 3384 -.

506 3348 600 3476 ibid.
620 3411 729 3497 ρεςαδιε
769 3410 867 3494 isari]
882 3407 988 3473 Vertit
1002 3420 1076 3493 post
1091 3405 1241 3471 Rufinum
1251 3419 1389 3470 veterem
1406 3407 1507 3471 inter.

469 3511 593 3582 pretem
610 3497 731 3559 Muscu
744 3518 781 3558 us
796 3504 1005 3579 corruperunt,
1014 3491 1226 3576 Valesiusque
1242 3489 1506 3572 adulteraverunt,

469 3595 506 3646 et
524 3581 673 3646 similiter
689 3579 1002 3664 Christophorsonus
1020 3578 1235 3662 deproomaat.
1279 3578 1505 3644 Dubitandum

470 3678 579 3732 autem
594 3678 653 3743 est,
668 3678 777 3730 utrum
792 3664 845 3729 hic
858 3665 954 3728 verbo
969 3667 1135 3751 palroapysir
1155 3661 1331 3727 falsationis
1354 3663 1506 3750 subjicia-

467 3765 526 3823 tur
539 3751 642 3828 notio,
654 3750 804 3836 idemque
818 3772 947 3835 prorsus
960 3748 1207 3833 intelligendum
1223 3747 1274 3826 sit,
1288 3749 1375 3834 quod
1388 3764 1462 3834 post
1473 3751 1507 3815 in

470 3837 546 3915 illie,
561 3841 623 3909 ταῖς
635 3835 722 3910 θείαις
736 3840 855 3921 γραφαῖς
867 3832 973 3915 sicidae
987 3832 1119 3897 ἐπέὲαλοι
1131 3838 1182 3907 τοὶς
1191 3837 1301 3919 χεῖρας,
1313 3833 1441 3917 λέγοντες
1453 3839 1506 3898 oui²

470 3926 524 3997 τὰς
542 3921 725 4009 troparium,
749 3921 806 3984 lin.
825 3939 856 3999 9.
876 3942 918 4005 pa
944 3967 952 3983 .
972 3919 1117 4006 proxime
1140 3918 1313 4005 sequentis.
1354 3921 1403 3982 Ea
1420 3919 1507 3984 enim

471 4030 546 4095 quae
563 4021 675 4094 postea
687 4006 849 4085 dicuntur,
863 3940 996 4070 suadere
1010 4005 1165 4082 videntur,
1181 4019 1218 4069 ut
1232 4004 1273 4067 de
1288 4026 1383 4090 prava
1400 4005 1507 4090 potius

471 4109 592 4158 sanctae
618 4093 784 4178 scripturae
808 4090 1079 4189 interpretatione,
1106 4112 1204 4176 quam
1234 4087 1275 4152 dc
1303 4090 1508 4176 corruptione

373 4232 376 4239 .
467 4177 554 4266 ejus,
570 4179 721 4264 postulari
737 4177 879 4243 haeretici
893 4177 946 4240 isti
958 4176 1191 4241 existimentur.
1237 4173 1334 4241 Certe
1348 4198 1423 4240 cum
1439 4177 1507 4262 aig·

472 4264 655 4328 nificatione
679 4269 727 4340 τῆς
751 4261 954 4347 παρερμηιιίας
979 4261 1063 4325 idem
1090 4261 1220 4325 verbum
1249 4261 1389 4325 Irenaeus
1414 4262 1507 4327 initio

472 4350 579 4434 operis
594 4349 643 4411 sui
656 4348 783 4432 posuit;
806 4350 865 4411 Kal
879 4350 923 4410 διὰ
934 4352 981 4423 τῆς
994 4346 1175 4434 οοαιοῦςγοος,
1191 4347 1305 4432 inquit,
1320 4371 1510 4431 συγκεκροτη-

471 4435 553 4516 μίοης
570 4433 756 4510 πιθανότητος
774 4433 940 4518 παράγουσι
955 4433 1002 4495 rit
1016 4439 1074 4495 οοῦι
1087 4441 1140 4496 τῶν
1153 4431 1341 4541 ἄπειςοτὲροιν,
1355 4433 1376 4515 ’i
1392 4437 1508 4516 αἰχμα-

472 4519 635 4602 λωτίζουσιι
650 4521 757 4594 αὐτοὺς,
772 4521 977 4604 ῥαδιεργοῦιτις
994 4522 1033 4581 rol
1054 4517 1140 4602 λογῖα
1154 4523 1268 4602 Kapros,
1283 4515 1413 4598 ἐξηγηταὶ
1427 4518 1509 4585 κακοὶ

471 4614 527 4668 οῶο
547 4614 642 4677 καλῶς
664 4604 805 4690 εἰρημέναι
824 4602 970 4688 γινόμενοι.
985 4603 1069 4668 Ado.
1093 4603 1217 4683 Haeres
1238 4599 1300 4666 vid.
1324 4616 1357 4664 et
1378 4601 1509 4688 capili.

472 4689 532 4759 lib.
546 4693 574 4754 l.
588 4713 621 4777 p.
636 4706 683 4766 ιο.
698 4688 749 4755 ed.
765 4688 932 4755 Massueti.
1342 4716 1345 4721 ·
