4092 5675
640 776 693 845 ru
713 775 936 845 Arctoam
961 776 1217 845 cnnonrcn.
1386 794 1447 865 245

406 950 443 1014 ri
465 948 522 1038 st,
544 946 682 1037 ἄγρυπνος
704 955 822 1030 Δανιὴλ,
845 951 886 1014 de
912 972 977 1037 quo
1000 949 1130 1050 quidem
1154 948 1250 1015 titulo
1274 960 1371 1036 atque
1396 948 1448 1013 his

405 1035 577 1122 egregoris
591 1036 694 1101 multa
709 1038 863 1121 praemisit
878 1037 983 1101 editor
996 1035 1141 1123 ejusdem
1156 1035 1361 1100 clarissimus.

453 1121 490 1186 P.
508 1135 576 1198 127.
597 1121 621 1187 l.
640 1133 686 1198 17.
710 1126 736 1187 is
759 1123 845 1197 ἐνίοις.
859 1123 1038 1209 ἀντιγράφοις
1059 1122 1143 1208 εὗρον,
1166 1130 1189 1185 οἶ
1212 1124 1261 1185 υἱοὶ
1283 1129 1331 1185 τοῦ
1353 1122 1442 1206 Θεοῦ]

405 1206 463 1272 Sic
476 1206 520 1276 ad
533 1227 654 1272 comm.
670 1222 701 1272 2.
716 1229 788 1308 cap.
802 1210 842 1274 vi.
861 1209 970 1273 Genes.
987 1230 1098 1272 omnes
1117 1215 1170 1272 τῶν
1191 1206 1222 1272 o'.
1239 1208 1313 1272 edd.
1333 1209 1447 1293 legunt

404 1306 526 1382 praeter
545 1292 617 1358 illos
636 1315 676 1358 cx
696 1294 808 1359 codrce
825 1294 1042 1360 Alexandrino
1057 1316 1230 1379 expressas,
1245 1294 1301 1381 qui
1340 1293 1447 1358 uidem

403 1377 511 1444 codex
538 1380 811 1445 consentientibus
843 1381 912 1446 aliis
939 1403 1069 1468 quoque
1094 1381 1194 1459 libris,
1220 1403 1307 1445 nonn
1344 1380 1447 1466 lisque

404 1465 565 1566 patribus,
581 1472 605 1530 ol
618 1464 730 1553 ἄγῐελον
744 1471 781 1530 τῦ
800 1471 863 1532 Θεὲ
885 1469 992 1532 habet.
1037 1469 1147 1552 Atque
1160 1467 1193 1530 in
1209 1466 1295 1530 hunc
1311 1467 1446 1530 modurn

404 1561 634 1638 interpretatos
655 1575 725 1617 esse
744 1552 854 1618 locum
874 1567 980 1653 patres
1001 1575 1113 1617 omnes
1135 1553 1375 1630 Anteuicaenos,
1391 1552 1447 1639 qui

405 1635 479 1702 hec
492 1638 591 1703 verba
603 1637 804 1718 adduxerint,
820 1639 1023 1703 notrssimum
1039 1652 1098 1703 est.
1140 1639 1236 1703 Solus
1258 1638 1338 1703 mihi
1360 1640 1447 1702 exci-

405 1720 546 1809 piendus
561 1723 686 1789 videtur
699 1725 872 1789 Africanus
890 1726 922 1789 in
941 1724 1104 1802 hocloco,
1119 1739 1153 1788 et
1172 1725 1307 1789 fortasse
1329 1725 1448 1809 Orige-

406 1825 464 1874 nes
484 1808 545 1874 lib.
560 1833 588 1874 v.
608 1811 725 1875 Contra
742 1811 876 1889 Celsrlm,
897 1831 968 1896 cap.
983 1825 1034 1874 55.
1048 1811 1105 1897 qui
1125 1811 1220 1875 verba
1238 1811 1278 1875 ad
1303 1810 1447 1874 animum

406 1893 481 1960 vitae
496 1915 662 1981 corporeae
682 1897 836 1983 cupidum
860 1896 1028 1961 Philonem
1049 1898 1297 1982 secutustraxit,
1312 1897 1369 1961 sed
1380 1896 1448 1961 hoc

405 2001 500 2046 more
525 2001 585 2045 suo
599 1981 736 2068 ,faciens
762 1983 845 2046 sicut
869 1983 900 2046 in
925 1997 1017 2047 tomo
1039 1982 1079 2047 vi.
1104 1984 1273 2048 Commeat.
1300 1982 1333 2047 in
1354 1985 1448 2048 Joan.

406 2087 479 2154 cap.
492 2080 544 2130 2⁵.
558 2088 633 2131 nam
653 2067 688 2131 in
709 2080 800 2132 torno
814 2068 880 2133 xiii.
895 2069 993 2153 ejusd.
1011 2068 1128 2132 Comen.
1143 2091 1214 2154 cap.
1228 2083 1278 2145 37.
1298 2091 1448 2134 commu-

402 2171 482 2216 nem
499 2152 689 2217 sententiam
705 2155 872 2239 amplexus
887 2154 957 2218 haec
973 2155 1097 2238 scripsit
1110 2179 1120 2231 ;
1145 2158 1161 2216 ἑ
1177 2155 1256 2237 μόνος
1270 2156 1297 2217 δὲ
1312 2160 1325 2215 ὁ
1339 2152 1449 2240 ἄνθρω-

404 2263 456 2313 πος
470 2236 598 2316 ίξόπστν
617 2243 649 2302 ἐκ
666 2238 771 2303 reatino
795 2241 837 2302 inl
856 2242 888 2303 ri
909 2241 1018 2316 ἀτελὲς,
1032 2244 1111 2303 &adol
1127 2241 1173 2303 καὶ
1189 2240 1285 2314 ἰδόντες
1300 2246 1324 2302 οἱ
1337 2242 1386 2303 ciol
1401 2248 1449 2304 τοῦ

405 2327 472 2390 9εό
483 2328 538 2398 τοὶς
552 2322 724 2410 θυγατέρας.

450 2409 539 2474 lbid.
555 2410 578 2474 l.
594 2423 640 2475 18.
667 2411 815 2494 μνθεόετο]
831 2412 869 2490 δὲ,
885 2414 920 2487 ὠς
935 2411 1021 2493 olpop,
1036 2413 1090 2474 ἀπὸ
1104 2419 1153 2475 τοῦ
1167 2411 1232 2489 Σὴθ
1248 2410 1325 2491 dcc]
1339 2411 1450 2475 Verba

429 2517 483 2559 uos
498 2516 533 2560 se
555 2509 677 2561 uuntur
696 2519 717 2561 a
738 2498 848 2561 Goaro
869 2498 901 2562 in
915 2497 1059 2584 margine
1074 2495 1222 2584 syncelli,
1237 2495 1450 2583 undecunque

406 2517 514 2646 illico
531 2517 713 2668 desumpta,
736 2584 842 2668 posita
863 2596 949 2663 sunt,
966 2582 1113 2665 μοθεύετοτ
1137 2584 1164 2645 δὲ
1186 2587 1221 2657 ὠς
1242 2582 1316 2664 οἷμον
1340 2584 1390 2643 ὑπὸ
1414 2588 1451 2646 c&

405 2665 583 2749 πνεύματος,
594 2666 635 2732 its
650 2675 674 2732 oi
688 2671 737 2732 vicl
752 2674 815 2733 Θεὲ
830 2672 884 2732 ἀπὸ
897 2676 934 2731 τῦ
949 2674 1014 2748 Σὴθ
1027 2669 1294 2757 προσαγορεύοντα]
1317 2669 1401 2755 Quae
1417 2670 1451 2733 in
1501 2741 1505 2756 Ι

406 2752 555 2817 versione
578 2776 636 2818 sue
656 2753 742 2817 idem
766 2756 819 2819 ille
842 2770 971 2822 secutus
992 2768 1041 2819 est
1053 2780 1063 2834 3
1086 2756 1167 2819 mihi
1189 2777 1262 2818 vero
1285 2755 1363 2819 nihil
1387 2756 1451 2820 hoc

406 2837 485 2905 loco
499 2841 692 2905 mutandum
709 2841 843 2920 videtur,
859 2842 885 2906 si
901 2855 974 2927 post
989 2843 1054 2924 sirco
1067 2844 1162 2929 plene
1177 2841 1404 2927 distinguatur,
1418 2854 1453 2908 et

406 2925 517 3008 ispe,
539 2927 635 2992 verbo
658 2925 733 3008 οἶμον
755 2949 840 2991 nunc
864 2929 1065 3014 absorptum,
1090 2929 1224 2994 vocibus
1249 2931 1302 2991 ἀπὸ
1328 2933 1364 2990 ni
1386 2930 1452 3008 Σὴθ
1559 2950 1561 2955 ·

406 3011 608 3099 prrefigatur.
661 3012 824 3078 Caeterum
853 3014 1018 3111 eleganter
1042 3015 1215 3079 Africanus
1241 3014 1368 3100 scripsit
1392 3042 1451 3097 μο-

406 3096 531 3176 Mero,
547 3097 621 3177 hoc,
637 3097 763 3184 opinor,
780 3121 887 3178 sensu,
908 3099 1062 3163 involucro
1076 3101 1220 3187 mysticae
1233 3098 1454 3184 appellationis

406 3180 527 3247 veritas
548 3183 709 3264 occulitur.
754 3185 964 3270 Similemque
989 3186 1150 3250 interdum
1176 3184 1355 3272 subjectam
1382 3206 1453 3250 esse

407 3267 579 3333 notionem
606 3270 804 3336 substantivo
829 3277 929 3355 μῦθος,
950 3270 992 3334 ad
1015 3271 1156 3335 Platonis
1180 3270 1332 3357 Gorgiam
1354 3272 1384 3353 ξ.
1398 3277 1451 3336 60.

407 3353 530 3419 notavi.

452 3438 539 3504 lbid.
560 3439 584 3504 l.
601 3454 652 3505 22.
681 3442 832 3526 ἀποκαλεῖ]
859 3443 920 3505 Pro
946 3444 1097 3506 ἀποκαλεῖν
1125 3441 1251 3506 Goarus
1278 3441 1320 3506 ad
1346 3462 1451 3527 marg.

408 3522 552 3612 syncelli
565 3531 705 3591 ἀποκαλεῖ
718 3527 827 3607 habet,
840 3527 928 3613 quod
941 3528 1180 3592 constructione
1194 3528 1362 3592 verborum
1377 3549 1454 3613 pos-

406 3609 507 3677 solari
519 3611 666 3693 videtur3
688 3612 821 3677 suadere
842 3627 950 3678 tamen
969 3614 1116 3678 videntur
1134 3614 1277 3678 infinitivi
1291 3613 1453 3699 modiqui

406 3710 601 3785 sequuntur,
616 3697 686 3762 haec
709 3698 777 3763 sisti
822 3700 1075 3764 uemadmodum
1098 3700 1139 3762 ab
1161 3700 1270 3787 aliquo
1288 3700 1452 3765 literatorc

405 3802 449 3849 cx
462 3782 617 3869 operibus
631 3784 776 3849 Africani
793 3722 873 3850 <iiim
887 3798 1038 3872 excerpta
1051 3785 1195 3849 luissent.

452 3868 489 3931 P.
505 3881 574 3933 128.
587 3869 611 3934 l.
629 3886 655 3934 1.
677 3868 710 3934 τδ
730 3877 778 3947 τῆς
799 3872 903 3954 φύσεως
926 3871 1065 3955 ἀνόμοιον]
1083 3870 1268 3936 Articulum
1289 3872 1321 3934 τὸ
1343 3869 1452 3937 addidi

405 3972 450 4019 ex
464 3953 565 4019 MSn
577 3955 683 4040 priore
696 3957 843 4021 Parisino
859 3957 1079 4044 desumptum.

453 4037 541 4103 lbid.
556 4040 580 4105 l.
590 4054 621 4105 2.
642 4046 691 4119 τὴν
705 4043 899 4127 ἀγανάκτησιν
912 4045 1079 4123 coriandra
1094 4044 1139 4106 ris
1152 4041 1237 4126 Θεὸν]
1254 4042 1389 4109 Dixerat
1403 4043 1453 4108 A·

405 4122 553 4191 fflcanus
573 4126 698 4192 tradere
719 4129 752 4192 S.
772 4129 981 4215 scripturam,
1003 4134 1050 4207 τὴν
1072 4127 1264 4215 ἀγανάκτησιν
1284 4132 1453 4214 οτοοῆταθοη

406 4210 456 4275 τὸν
478 4212 565 4290 Θεὸν,
581 4211 654 4277 h.e.
675 4213 707 4278 ni
729 4213 836 4294 fallor,
852 4216 956 4279 Deam
979 4215 1177 4302 indignatum
1199 4236 1271 4294 esse,
1288 4238 1357 4296 seu,
1371 4216 1453 4282 iram

407 4293 497 4361 intra
511 4318 545 4361 se
558 4299 735 4383 concepisse.
769 4301 942 4387 Spectatur
958 4301 1085 4365 Genesis
1100 4301 1139 4364 vi.
1154 4307 1185 4364 6.
1204 4302 1252 4363 nol
1272 4303 1422 4385 ἐνεθυμήθη
1439 4308 1454 4368 ὁ

407 4382 498 4462 Osis,
512 4381 554 4446 in
570 4384 679 4463 ἐποίησε
692 4386 738 4449 τὸν
751 4385 892 4474 ἄνθρωπον
905 4388 947 4450 ἐπὶ
961 4393 1009 4464 τῆς
1023 4392 1086 4470 γῆς·
1109 4387 1157 4449 nal
1172 4388 1301 4465 διενοήθη.
1325 4390 1453 4452 Goarus

405 4468 578 4619 pptrtgtnfd
596 4493 699 4559 ntarg.
717 4471 855 4559 Spncelli
873 4473 1003 4560 posuit:
1027 4478 1062 4548 εἰς
1084 4472 1277 4558 ἀγανάκτησιν
1295 4472 1453 4556 κννήταθα]

532 4578 556 4618 ν.

453 4638 542 4704 lbid.
557 4639 581 4705 l.
595 4655 626 4706 3.
649 4646 672 4705 εἰ
686 4644 714 4706 δὲ
730 4644 770 4706 ἐπ’
786 4643 921 4729 ἀγγέλων
943 4647 1027 4708 νοοῖτο
1043 4641 1115 4730 ἔχειν
1128 4642 1252 4730 τούτους]
1270 4641 1375 4707 Modo
1388 4642 1454 4710 loci

406 4725 596 4810 concussit,
611 4727 660 4794 sin
675 4751 743 4795 cero
767 4729 805 4794 de
827 4729 947 4819 angelis
963 4729 1019 4796 loc
1033 4729 1151 4796 dictam
1165 4751 1228 4794 esse
1243 4727 1453 4821 intelligatur,

909 4830 961 4881 R3
