4092 5675
509 759 571 843 ιιι
845 757 1208 827 auuornnouns
1300 861 1304 865 ῃ

509 930 566 997 sed
581 929 679 995 etiam
692 929 736 993 δύο
751 929 798 994 καὶ
813 928 868 1012 δύο,
882 929 965 1018 ἄρσεν
980 933 1029 996 καὶ
1044 938 1128 1012 θῆλυ,
1143 931 1206 997 sive
1221 934 1297 996 κατὰ
1309 933 1448 1019 συζυγίας
1460 959 1471 999 ν
1482 934 1551 1002 imo

508 1040 582 1084 vero
594 1017 705 1082 eadem
720 1038 841 1102 egresso
854 1040 923 1082 esse
939 1022 1015 1083 κατὰ
1029 1017 1119 1103 γένος,
1128 1031 1242 1084 notum
1255 1030 1306 1083 est
1316 1040 1356 1083 ex
1366 1040 1491 1086 comm.
1503 1038 1549 1100 19.

507 1126 580 1190 cap.
596 1103 659 1167 viii.
679 1102 822 1181 Genesim
846 1105 909 1168 hoc
932 1117 1041 1168 tamen
1062 1104 1139 1189 γένος
1163 1128 1182 1169 a
1202 1104 1370 1170 codicibus
1385 1107 1549 1173 nonnullis

507 1192 629 1270 abesse,
652 1190 841 1255 memoravit
863 1191 905 1255 cl.
927 1190 1117 1257 Holmesius
1136 1190 1178 1256 ad
1197 1192 1262 1258 loc.
1293 1190 1393 1259 Conf.
1409 1215 1483 1282 cap.
1499 1193 1547 1261 vii.

508 1299 628 1342 comm.
644 1293 675 1355 9,
694 1290 741 1356 15,
758 1282 805 1339 16.

976 1535 1075 1600 VIII.

550 1709 585 1772 P.
602 1722 667 1785 129.
682 1707 704 1772 1.
718 1720 767 1770 23.
789 1710 854 1770 Νῶε
869 1705 898 1784 ἦν
914 1710 980 1770 ἐτῶν
993 1704 1039 1791 χ’.
1054 1704 1128 1789 &c.]
1145 1705 1235 1769 Idem
1251 1706 1284 1771 in
1297 1707 1406 1794 priore
1417 1731 1546 1798 quoquc

505 1794 579 1881 ῥήσει
594 1816 632 1856 ex
648 1794 681 1856 S.
696 1793 860 1877 Scriptura
881 1794 977 1856 refert
990 1792 1163 1856 Africanus
1184 1792 1224 1856 ad
1243 1792 1340 1880 hujus
1353 1817 1432 1881 pag.
1447 1794 1506 1861 lin.
1520 1812 1545 1863 1.

505 1882 580 1947 Vox
591 1894 700 1943 autem
714 1880 869 1964 Ἀφρικαιὲ
881 1878 957 1942 huic
972 1880 1047 1965 ῥήσει
1062 1876 1147 1962 apud
1163 1879 1331 1966 Georgium
1342 1882 1475 1967 praefixa
1489 1893 1545 1947 est.

548 1964 632 2029 Ibid.
647 1965 732 2028 l.25.
755 1962 862 2050 sscffi'.
887 1964 946 2049 ἔτη]
974 1963 1073 2027 Paulo
1097 1978 1172 2028 ante
1195 1966 1357 2051 Georgius
1381 1967 1452 2053 ipse
1476 1968 1544 2033 dix-

503 2065 572 2118 erat
578 2076 587 2130 3
600 2052 672 2113 'Arri
687 2052 781 2131 Ἀδὰμ
797 2049 845 2125 ἕως
856 2057 892 2114 τῦ
907 2058 1112 2129 κατακλυσμοῦ
1127 2048 1172 2126 ἔτη
1186 2049 1299 2135 βσμὸ’.
1320 2054 1413 2117 Dum
1429 2053 1545 2120 discre-

503 2151 561 2224 pat
570 2136 789 2201 Eusebianum
803 2137 867 2200 hoc
879 2137 970 2200 annis
979 2151 1030 2200 20.
1043 2136 1085 2200 ab
1094 2135 1239 2201 Africani
1250 2138 1403 2218 numeris,
1413 2152 1487 2205 orta
1498 2151 1545 2205 est

503 2224 682 2289 differentia
702 2245 741 2287 ex
762 2224 864 2302 annis,
880 2245 960 2308 quos
984 2221 1172 2286 Mathusala
1182 2222 1257 2371 ἕσσο]
1280 2224 1394 2289 vixisse
1414 2225 1543 2306 dIcitur,

503 2332 571 2397 quo
585 2323 731 2396 tempore
751 2310 865 2396 genuit
885 2307 1100 2374 Lamachum.
1138 2309 1182 2372 Vi
1207 2357 1214 2372 .
1231 2324 1299 2374 not.
1313 2310 1356 2375 ad
1369 2312 1475 2376 Num.
1492 2332 1544 2377 vl.

464 2434 472 2444 -
502 2411 614 2483 para.
645 2396 738 2459 Idem
754 2417 884 2482 quoque
898 2396 1053 2481 placitum
1067 2393 1222 2459 Africano
1238 2397 1385 2462 attribuit
1402 2396 1545 2463 Cironiei

501 2482 664 2547 Pascioiis
679 2503 737 2544 seu
751 2481 963 2547 Alexandrini
978 2494 1092 2545 auctor
1106 2480 1156 2544 his
1172 2482 1296 2546 verbis:
1315 2485 1367 2545 Ἐν
1384 2490 1426 2569 τῷ
1440 2487 1543 2548 ’έναι-ν·

501 2576 542 2655 ςῷ
557 2568 608 2632 ἔτει
620 2576 667 2632 τοῦ
683 2566 761 2649 Σήμ,
776 2572 944 2653 ἑξακοσιοςῷ
960 2569 986 2629 δὲ
1001 2573 1049 2630 rori
1063 2570 1143 2644 Νῶη,
1156 2569 1204 2630 καὶ
1218 2566 1328 2653 βσξέ’.
1343 2567 1396 2632 ἔτει
1411 2567 1542 2655 γενέσεως

502 2655 608 2736 κόσμου
626 2652 732 2737 ἐγένετο
751 2659 763 2715 i
779 2655 979 2734 κατακλυσμὸς
1001 2655 1043 2715 ἐπὶ
1063 2658 1109 2729 τῆς
1123 2658 1186 2737 γῆς.
1210 2660 1337 2717 τοσαῦτα
1352 2655 1379 2717 δὲ
1393 2653 1484 2741 μέχρι
1498 2657 1543 2720 ‘riv

504 2742 579 2825 (for.
593 2740 682 2819 τοῦδε)
701 2741 821 2801 ἐνταῦθα
835 2740 857 2824 ri
874 2744 886 2801 ὁ
899 2740 1063 2824 Ἀφρικανὸς
1078 2740 1230 2825 ἐπήγαγεν,
1246 2743 1332 2819 ἐπειδὴ
1347 2739 1369 2827 οὲ
1389 2746 1430 2805 ταὶ
1442 2740 1542 2829 &apriti

500 2832 549 2902 τῆς
560 2824 694 2899 ratam
708 2822 809 2904 βιὲλῖα
822 2822 900 2912 ρπζ’.
912 2824 997 2906 φαίνει
1012 2829 1048 2888 σέ
1063 2825 1250 2889 Μαθονσᾶλα
1265 2824 1358 2913 irati
1375 2824 1447 2904 ὅσιος
1461 2830 1542 2894 αὐτον

499 2917 629 2997 γεννῆσαν
650 2913 696 2973 τὸν
719 2911 839 2994 Λάμεχ.
862 2932 896 2996 p.
916 2925 965 2972 21.
988 2910 1041 2974 ed.
1064 2911 1240 2997 Ducangii.
1284 2913 1440 2978 Similiter
1465 2915 1541 3002 Epi·

524 2997 647 3075 hanius,
670 2996 752 3060 Ado.
778 2997 902 3059 Haerer.
924 2995 979 3059 Iib.
997 2998 1024 3060 I.
1046 3010 1218 3082 postquam
1242 2999 1391 3078 narravit,
1415 3001 1448 3064 in
1471 3022 1542 3065 arca

537 3105 655 3148 oenum
672 3097 833 3147 servatum
849 3082 957 3160 fuisse,
973 3082 1043 3146 haec
1058 3083 1166 3161 habet,
1183 3085 1230 3146 aa>
1251 3083 1321 3146 οὕτω
1340 3092 1477 3171 παρῆλθε
1497 3089 1540 3150 δι-

500 3169 572 3248 κίινη
587 3174 669 3254 γενεοὶ
685 3172 715 3232 δι’
732 3171 798 3232 ἐτῶν
813 3168 940 3253 διχιλίιον
962 3168 1107 3231 διακοσίων
1129 3171 1315 3246 ἑξηκονταδύο.
1342 3172 1391 3234 καὶ
1413 3178 1426 3234 i
1446 3198 1540 3236 κατα·

501 3258 626 3339 κλισμὸς
640 3255 796 3334 πέπαυται.
821 3278 852 3318 n.
867 3267 898 3318 4.
916 3277 949 3340 p.
962 3270 992 3317 5.
1008 3255 1059 3318 ed.
1078 3255 1205 3318 Petavii.
1248 3258 1411 3342 Joseppus
1457 3281 1540 3339 orro,

500 3343 610 3407 saeculi
632 3342 747 3428 quinti,
770 3341 819 3404 vel
841 3341 921 3405 sexti
945 3341 1091 3418 fortasse,
1117 3341 1253 3427 scriptor
1276 3343 1309 3408 in
1335 3280 1459 3407 Laelii
1483 3367 1539 3409 suo

499 3428 683 3493 Memoriali
704 3430 769 3492 aJ.
785 3428 828 3490 A.
848 3427 995 3490 Fabricio
1018 3429 1160 3512 primum
1183 3426 1270 3491 edito
1292 3428 1323 3490 in
1346 3428 1539 3496 Bibliotheca

504 3515 629 3593 Graeca
653 3514 767 3577 deiude
787 3535 806 3575 a
825 3513 957 3578 Venetis
982 3511 1157 3597 Appendici
1179 3511 1385 3578 Bibliothecae
1406 3519 1538 3580 Parma

502 3599 729 3665 Goiioadianoe
750 3599 872 3675 addito,
900 3598 1005 3683 capite
1032 3598 1101 3685 ejus
1131 3612 1197 3676 150,
1224 3599 1281 3662 ubi
1305 3622 1380 3663 cum
1405 3602 1537 3688 periodo

496 3685 715 3752 Alexandrina
737 3698 770 3747 et
792 3706 868 3747 cum
892 3684 1015 3748 Graecis
1037 3684 1120 3747 hanc
1143 3685 1245 3748 nostri
1263 3686 1429 3770 scriptoris
1444 3689 1536 3753 chro-

500 3773 667 3857 nologiam
693 3769 901 3857 sequentibus
928 3770 1095 3855 signantur
1121 3770 1196 3833 anni
1220 3770 1262 3834 ad
1287 3772 1535 3838 incarnationem

502 3857 626 3922 Christi
650 3880 670 3920 a
694 3855 826 3920 condito
852 3855 975 3920 mundo
999 3871 1089 3920 5500.
1115 3855 1231 3921 itidem
1257 3879 1359 3923 annos
1384 3867 1475 3925 2262.
1498 3859 1535 3926 ab

498 3944 607 4008 Adam
623 3942 664 4008 ad
678 3945 752 4008 Noe
768 3955 948 4029 computat.

986 4199 1048 4261 IX.

495 4448 497 4452 Ι
544 4369 741 4435 P.130.l.1.
763 4372 851 4432 Μεσοὶ
873 4369 900 4431 δὲ
920 4367 965 4431 r‘iv
989 4372 1191 4450 κατακλυσμὸν
1205 4370 1279 4456 &c.]
1300 4372 1469 4437 Praefixum
1490 4376 1534 4437 est

497 4460 664 4541 Ἀφρικανοῦ
679 4477 829 4520 nomena
852 4454 896 4518 ud
911 4454 1078 4542 Georgium
1093 4455 1273 4541 Synceilam
1284 4457 1432 4543 adpeti.
1456 4461 1534 4523 Haee

499 4558 608 4608 autem
631 4554 704 4606 ante
727 4477 914 4628 Synceiium
937 4540 1060 4604 editum
1084 4564 1103 4603 a
1126 4542 1292 4629 Scaligero
1310 4543 1344 4607 in
1358 4544 1534 4609 Eusebium

496 4650 554 4694 rua
567 4629 607 4692 ad
622 4650 698 4715 pag.
713 4646 744 4706 9.
758 4627 875 4713 partim
890 4625 1044 4691 translata
1059 4627 1193 4690 fuerant.

541 4713 626 4781 Ibid.
647 4719 734 4780 Μετὰ
757 4715 785 4778 δὲ
808 4713 881 4798 &c.]
907 4711 1053 4778 Attende
1075 4712 1269 4779 Africanum
1293 4716 1409 4782 erroris
1432 4717 1533 4782 Geor·
