4092 5675
504 762 566 823 ἀοι
660 757 663 762 ’
718 771 722 776 ·
805 751 1198 819 ιΑΝΝΟΤΑἹἸΟΝΕΞ

502 944 586 1000 mus,
607 921 694 1010 typis
715 922 933 987 excudendam
955 924 1076 988 curavit
1098 936 1173 1010 post
1193 921 1355 1008 exemplar
1375 923 1536 990 Delatus·

503 1031 593 1085 num,
612 1030 676 1071 una
696 1029 772 1072 cum
794 1008 939 1074 e'usdem
952 1008 1092 1074 editoris
1114 1008 1385 1089 annotationibus,
1399 1009 1535 1076 Gallon-

502 1092 575 1157 dius
589 1092 621 1156 iir
636 1106 727 1157 torno
744 1094 777 1157 ii.
793 1032 997 1158 dinianica
1011 1118 1077 1159 suae
1095 1097 1162 1158 ΡΡ.
1378 1101 1381 1108 ’

546 1180 580 1242 P.
597 1176 743 1243 111.l.8.
764 1179 863 1243 πάντα
877 1180 1042 1264 τιμιώτατα]
1065 1182 1139 1243 Hoc
1161 1200 1200 1243 ex
1220 1178 1389 1243 Hoescdelt't'
1404 1179 1545 1245 editione·

502 1286 574 1349 quae
596 1263 741 1349 princeps
761 1278 821 1341 est,
840 1286 899 1363 pro
920 1265 1034 1328 ωάντοον
1051 1292 1081 1329 τ.
1100 1266 1240 1342 restitui3
1266 1264 1367 1330 MSS.
1387 1264 1482 1331 Bodl.
1502 1279 1536 1330 et

504 1348 584 1413 con.
601 1349 687 1413 Tria.
705 1350 918 1438 Cantadragioe
938 1351 1146 1429 firmantibus,
1164 1351 1354 1437 quibuscum
1374 1350 1535 1416 consentit

504 1434 634 1499 Heracli
653 1434 753 1499 Versio
768 1436 934 1500 Posterior.
979 1438 1016 1500 ln
1039 1436 1125 1501 hunc
1145 1457 1218 1499 vero
1238 1435 1370 1500 madum
1394 1435 1534 1500 Aeacius

500 1534 535 1585 et
550 1520 666 1585 Paulus
681 1520 894 1607 Epiphanium
908 1521 1114 1608 compellant,
1125 1526 1165 1607 τῳ
1178 1520 1272 1607 Κυρίῳ
1284 1522 1358 1607 aas}
1372 1521 1534 1609 τιμιωτάτῳ

501 1610 578 1670 κατὰ
597 1605 708 1684 πάντα,
723 1605 901 1692 εὐλαώεςώτῳ
922 1607 1013 1693 πατρὶ
1031 1605 1185 1705 Ἐπιφανῖῳ
1205 1605 1353 1692 ἐπνσκώπῳ.
1389 1606 1535 1694 Epistola

504 1691 640 1756 Panurio
658 1691 690 1755 S.
706 1691 880 1777 Epiphania·
895 1692 1069 1778 praemissa.
1108 1691 1214 1756 Latini
1235 1705 1348 1778 postea
1361 1691 1544 1772 formulam·-

501 1777 536 1841 in
551 1776 696 1862 epistolis
709 1777 824 1841 imitati
840 1792 924 1842 sunt.
958 1779 1033 1841 Hoc
1047 1791 1154 1842 autem
1170 1775 1367 1841 monendum
1381 1789 1444 1857 est,
1458 1777 1534 1842 Leo-

501 1861 551 1926 nis
573 1860 689 1925 Castrii
708 1862 996 1947 Interpretationsnr
1015 1863 1254 1949 inscriptionem
1277 1863 1423 1949 epistoloe
1447 1862 1543 1928 Atii·-

503 1947 574 2011 cani
589 1968 653 2010 non
668 1946 796 2012 habere.

545 2032 629 2097 Ibid.
643 2031 666 2095 l.
678 2050 708 2111 9.
730 2034 776 2096 τὸν
796 2032 957 2119 ἀγνώμονα]
976 2033 1084 2097 Sixtus
1105 2032 1251 2097 Senensis
1273 2030 1399 2098 videtur
1419 2032 1535 2184 Ῑοῗέῳῳο

502 2116 682 2202 εὐγνώμονας
704 2118 797 2182 vertit
810 2118 895 2183 enirn
910 2119 966 2183 lib.
978 2143 1006 2183 v.
1022 2119 1107 2183 Bibl.
1123 2132 1232 2182 annot.
1245 2131 1315 2181 205.
1331 2140 1400 2182 carn
1412 2118 1454 2184 ka
1521 2139 1535 2182 s

501 2201 740 2288 &mutationem
762 2226 831 2268 aras
852 2204 950 2268 amica
973 2203 1027 2267 iilo
1051 2215 1112 2267 tao.
1156 2203 1311 2267 Fortassis
1333 2217 1445 2268 autem
1471 2225 1534 2269 non

501 2289 633 2353 verbum
649 2310 667 2352 e
683 2289 781 2353 verbo
796 2290 942 2369 reddidit,
959 2289 1014 2355 sed
1032 2289 1074 2354 ad
1092 2304 1232 2353 mentem
1255 2287 1406 2376 Origenis
1427 2289 1484 2377 qui
1502 2288 1544 2353 ia·

501 2374 708 2460 responsione
728 2374 770 2439 ad
791 2375 991 2454 Africanum,
1007 2397 1082 2439 eum
1097 2374 1228 2462 quicum
1244 2373 1429 2460 disputavit,
1444 2386 1535 2439 vocat

415 2453 418 2462 ’
501 2460 636 2525 Bassum
649 2460 789 2525 amicum
803 2484 915 2526 suum:
933 2460 1050 2540 ἔφασκες
1064 2458 1104 2523 dn
1119 2459 1198 2537 ἡνίκα
1213 2460 1371 2547 διελεγόμην
1383 2466 1424 2545 τῷ
1438 2458 1536 2548 ἑτοώῳῳ

501 2552 576 2628 ἡμῶν
596 2544 714 2632 Βώσσῳ.
752 2547 872 2610 Omnes
894 2547 992 2610 MSS.
1012 2558 1120 2631 aperte
1142 2544 1263 2608 babent
1284 2567 1348 2609 nan
1368 2544 1535 2631 εὐγνώμονα,

502 2630 559 2695 sed
573 2629 732 2715 ἀγνώμονα.
775 2631 999 2696 Tillemontius
1019 2629 1151 2717 conjicit
1172 2652 1236 2693 non
1257 2652 1327 2695 esse
1347 2631 1437 2694 Bassi
1456 2629 1536 2696 ulte·

502 2738 573 2780 rum
591 2737 721 2794 nomen,
735 2715 791 2779 sed
806 2737 929 2780 merum
946 2716 1080 2795 ἐπίθετον,
1095 2737 1160 2801 quo
1173 2715 1221 2780 vel
1235 2717 1352 2780 stultus
1365 2716 1414 2779 vel
1430 2716 1538 2802 ingra-

502 2813 556 2865 tus
570 2813 713 2879 vocatur,
728 2800 817 2887 quod
840 2823 905 2866 non
926 2800 982 2866 diu
1003 2813 1078 2887 post
1097 2800 1239 2866 habitam
1256 2799 1377 2867 hancce
1392 2800 1536 2889 disputa·

502 2885 623 2949 tionem
639 2907 659 2949 a
673 2887 804 2950 veritate
818 2901 852 2951 et
866 2887 905 2950 ab
920 2887 1072 2972 Origenis
1088 2886 1230 2951 amicitia
1249 2886 1427 2952 desciverit.
1473 2886 1549 2952 Sed'·

503 2970 707 3036 sinceritate
722 2982 756 3035 et
769 2973 810 3036 ab
826 2971 976 3057 Origenis
990 2971 1130 3036 amicitia
1145 2972 1319 3036 desciverat
1340 2973 1472 3052 Bassus,
1487 2972 1537 3037 id·

502 3076 607 3142 eoque
627 3056 763 3140 ἀγνώμων
783 3056 900 3121 dicinu
916 3057 958 3120 ab
971 3057 1136 3136 Africano,
1153 3079 1210 3122 cur
1223 3057 1313 3121 illurn
1332 3057 1494 3144 Origenes·
1504 3056 1536 3122 in

502 3142 710 3228 responsione
724 3154 817 3207 vocat
830 3143 969 3206 amicum
986 3145 1103 3207 suum?
1130 3143 1237 3231 Quam
1253 3143 1296 3208 ob
1313 3165 1380 3229 rem
1395 3143 1451 3208 alii
1465 3143 1536 3230 qui-

501 3227 563 3293 bus
578 3250 643 3292 non
659 3227 694 3292 tit
709 3228 875 3293 verisimile
897 3227 1084 3292 haereticum
1104 3227 1268 3292 hominem
1290 3227 1384 3292 amici
1406 3229 1536 3293 nomine

502 3314 544 3379 ab
559 3314 700 3400 Origene
713 3315 830 3395 vocari,
845 3313 1058 3401 responsionis
1076 3312 1145 3424 ejus
1165 3313 1259 3377 verba
1279 3320 1319 3400 τῷ
1342 3312 1443 3413 ἑταίρῳ
1464 3320 1537 3397 ἡμῖν

502 3398 611 3487 Βάσσῳ
626 3413 752 3464 mutant
765 3401 796 3465 in
812 3401 893 3464 ista:
913 3405 953 3486 τῷ
968 3407 1158 3486 ἑτερογνωμονι
1174 3399 1292 3484 Βάσσῳ.
1329 3398 1397 3462 Alii
1411 3420 1477 3471 sive
1489 3398 1536 3479 le-

502 3499 600 3571 gatur
613 3485 771 3570 ἀγνώμονα,
788 3485 852 3550 sive
870 3485 1038 3569 εὐγνώμονα,
1053 3484 1143 3548 Bassi
1166 3505 1285 3548 nomen
1308 3483 1447 3548 aiterum
1469 3504 1537 3549 esse

500 3570 705 3634 arbitrantur.
749 3571 832 3657 Quis
856 3591 930 3634 vero
953 3571 1073 3634 Bassus
1099 3569 1158 3633 iste
1183 3569 1291 3648 fuerit,
1310 3582 1401 3633 certo
1427 3568 1537 3657 nequit

502 3655 661 3719 affirmari.
707 3655 863 3740 Origenes
876 3653 909 3717 in
924 3655 1070 3741 Epistola
1081 3655 1123 3719 ad
1137 3655 1285 3741 quosdam
1300 3655 1407 3719 charos
1421 3676 1491 3720 suos
1504 3654 1536 3719 in

501 3739 700 3806 Alexandria
720 3739 789 3804 haec
810 3739 929 3804 habeta
963 3739 1098 3827 Quidam
1113 3750 1220 3804 unctor
1234 3740 1380 3804 baereseos
1397 3762 1468 3804 arm
1482 3739 1535 3805 sub

499 3824 672 3912 praesentia
689 3824 856 3889 maltararn
877 3824 983 3889 babitu
1001 3826 1082 3891 inter
1103 3848 1156 3889 nos
1166 3825 1287 3911 fnisset
1308 3825 1536 3910 disputatn„et

501 3911 689 3997 descriptam
704 3909 854 3996 accipiens
868 3910 905 3976 ab
925 3911 973 3975 bis
993 3910 1048 3997 qai
1067 3910 1289 3995 descripserant
1304 3910 1450 3986 codicem,
1465 3932 1536 3999 qnoe

501 3996 612 4076 voluit,
628 3996 760 4074 addidit,
772 4006 802 4060 et
816 4020 888 4083 qnae
902 3996 1012 4075 naluit,
1029 3995 1169 4074 adstulit,
1182 4007 1212 4059 et
1228 3996 1310 4084 qaod
1323 3995 1351 4060 ei
1367 3995 1467 4060 vnum
1480 4005 1536 4077 est,

498 4083 715 4166 permutauit.-
738 4082 956 4169 circumferens
976 4093 1126 4180 tanquam
1147 4105 1187 4145 ea
1207 4081 1329 4145 nornine
1349 4091 1465 4158 nostro,
1487 4081 1536 4145 in·

501 4164 635 4245 saltans,
650 4178 679 4230 et
701 4168 859 4233 ostendens
881 4191 917 4232 ea
939 4190 1012 4254 qaae
1034 4183 1098 4251 ipse
1119 4167 1307 4251 conscripsit.
1344 4168 1405 4230 Pro
1429 4166 1537 4254 quidus

503 4250 701 4338 indignantes
711 4251 838 4337 fratres
857 4253 912 4340 qai
930 4253 962 4317 in
977 4251 1154 4316 Palaestina
1169 4264 1252 4331 sant,
1267 4251 1418 4316 miserant
1435 4253 1478 4317 ad
1490 4274 1544 4317 rne

501 4335 642 4403 Athenas
664 4335 816 4402 bominem
838 4340 892 4424 qni
917 4338 1065 4423 acciperet
1090 4359 1109 4401 a
1132 4360 1182 4400 rne
1204 4337 1304 4422 ipsum
1327 4337 1538 4403 authenticam

500 4421 670 4506 exemplar.
715 4423 818 4508 Atqui
841 4423 1016 4510 disputatio
1039 4422 1190 4509 Origenis
1209 4445 1283 4487 cunr
1303 4423 1406 4486 Basso
1429 4422 1549 4487 habita¹

500 4507 597 4572 etiam
612 4507 710 4572 fuisse
723 4509 848 4573 videtur
863 4510 896 4574 in
917 4509 1084 4574 Palaestina
1098 4509 1154 4572 ubi
1168 4508 1431 4573 commorabatur
1447 4508 1538 4573 Afri·

499 4615 599 4658 canus
621 4593 676 4680 qui
699 4593 728 4658 ei
749 4593 905 4659 interfuit.
947 4593 1079 4680 >Conjici
1099 4607 1303 4680 ergo-potest
1316 4595 1453 4657 Bassum
1469 4614 1539 4658 esse

498 4677 591 4744 illum
611 4679 768 4747 haereseos
789 4692 954 4747 auctorem
968 4679 1009 4747 de
1024 4701 1090 4769 quo
1105 4680 1248 4768 queritur
1267 4679 1486 4746 Adamantius
1505 4679 1539 4745 iu
