4092 5675
506 792 578 868 su
848 755 1214 846 annotarronss
1567 500 1625 769 ¹

505 948 613 1040 portis
634 947 767 1038 alicujus
794 948 889 1015 Codd.
911 949 1039 1013 Borocc.
1065 960 1097 1014 et
1121 948 1291 1015 Roenorum
1314 948 1348 1015 in
1373 948 1565 1019 lilliotlteeae

503 1035 686 1108 ’Βοᾶἱεὶανια
712 1049 920 1115 servatorum,
948 1035 1255 1101 conmunicationern
1278 1036 1470 1104 idiomatum
1496 1040 1581 1116 uis„

508 1122 610 1191 ‘tinete
622 1145 678 1187 nec
690 1122 877 1187 inemnmode
890 1121 1040 1209 replicat.

552 1207 739 1299 Quinetiam
759 1224 827 1274 tam
849 1208 944 1296 plene
965 1221 1177 1296 accurateque
1198 1211 1383 1295 composita
1395 1209 1501 1276 fuisse
1513 1212 1564 1278 vi·

509 1294 606 1362 detur
624 1294 775 1375 formula,
798 1308 836 1361 ut
858 1294 985 1359 nonnisi
1005 1307 1082 1382 post
1103 1295 1177 1359 lites
1196 1310 1323 1360 exortas
1343 1298 1563 1364 Nestorianas

501 1380 675 1448 'conditam
694 1403 767 1446 eam
785 1403 854 1447 esse
869 1381 1019 1461 eredam3
1043 1380 1198 1483 quicquid
1211 1398 1325 1447 contra
1339 1384 1562 1469 disputatum,

507 1481 682 1557 postquam
697 1469 769 1533 haec
783 1467 906 1555 scripsi,
921 1468 1093 1532 inveneum
1109 1490 1129 1532 a
1143 1467 1185 1532 cl.
1195 1469 1360 1534 Feverlino
1372 1471 1406 1534 in
1417 1472 1561 1536 Dissert.

500 1567 585 1621 'ante
607 1567 863 1621 commemorata
876 1553 929 1618 De
945 1553 1072 1619 Hoereei
1090 1553 1187 1618 Pauli
1208 1555 1404 1620 Samosateni
1422 1559 1479 1641 §§.
1493 1558 1560 1621 viii.

502 1642 544 1708 et
556 1640 600 1707 ix.
645 1641 714 1707 Ubi
735 1640 816 1706 nihil
835 1640 902 1705 fere
946 1662 983 1705 ro
1003 1662 1063 1705 sua
1082 1642 1242 1705 sententia
1261 1642 1432 1708 statuenda
1452 1643 1502 1707 vir
1514 1643 1558 1708 cl.

502 1732 627 1815 praeter
648 1726 883 1792 dubitationem
905 1726 916 1791 i
961 1748 994 1790 m
1016 1726 1127 1792 attulit
1147 1726 1233 1792 circa
1252 1728 1480 1793 testimonium
1502 1752 1560 1794 eo-

507 1836 594 1892 rum,
611 1813 667 1899 qui
681 1826 787 1900 patres
800 1811 1023 1878 Antiochenos
1037 1812 1230 1879 vocabulum
1245 1812 1376 1897 ipericius
1389 1815 1559 1901 improba·

505 1898 589 1963 visse
605 1911 794 1975 narrarunt3
817 1899 849 1962 in
865 1919 905 1961 eo
920 1898 1006 1962 enim
1023 1898 1112 1985 quod
1127 1900 1184 1979 ait,
1197 1900 1458 1965 contestationem
1473 1901 1559 1966 Cleri

508 1985 577 2051 GP.
595 1983 629 2048 in
650 1983 813 2071 Ephesino
835 1984 986 2049 Concilio
1007 1984 1206 2085 propositam
1227 1985 1292 2050 hoc
1312 1987 1419 2074 ipsum
1442 1989 1558 2053 afferre

507 2070 708 2170 symbolum,
723 2071 750 2135 is
768 2070 901 2150 fallitur,
916 2083 955 2136 ut
973 2092 1090 2159 curque
1111 2072 1274 2137 constabit
1291 2073 1468 2137 formulam
1483 2074 1556 2139 An-

429 2187 437 2198 1
507 2156 681 2222 troclenurn
696 2156 863 2222 Motlterno
883 2156 1017 2237 dietam,
1037 2169 1135 2245 atque
1157 2158 1191 2222 in
1210 2157 1266 2222 illa
1302 2158 1411 2223 uidem
1429 2161 1557 2224 Contes-

507 2242 627 2309 totione
653 2244 772 2330 partim
798 2243 1005 2330 descriptam,
1029 2265 1106 2308 cum
1131 2242 1249 2323 isthoc,
1275 2180 1409 2343 dequo
1435 2246 1557 2332 agitur,

505 2331 628 2415 scripto
642 2329 691 2394 vel
706 2329 767 2393 levi
782 2328 916 2394 brachio
927 2329 1118 2395 conferenti.
1137 2329 1223 2395 Vide
1236 2330 1376 2396 Concilio
1386 2330 1429 2395 ad
1440 2354 1473 2418 p.
1484 2347 1556 2397 338.

505 2427 588 2481 tom.
604 2415 648 2480 iii.
686 2414 774 2479 Cum
789 2414 904 2502 majori
918 2416 985 2515 veri
998 2415 1105 2503 specie
1121 2415 1264 2516 dixisset,
1279 2418 1469 2504 symbolum
1491 2419 1557 2483 boc

504 2501 640 2567 indicari
654 2501 688 2565 in
702 2500 825 2566 Libello
839 2501 986 2587 Supplzee
999 2502 1112 2566 Basilii
1124 2502 1276 2583 Draconi,
1289 2525 1387 2590 quem
1402 2526 1501 2590 supra
1513 2505 1557 2569 ad

501 2607 584 2675 pag.
597 2600 667 2651 522.
683 2586 869 2653 memoravi.
891 2588 1010 2676 Neque
1024 2587 1203 2653 audiendus
1217 2589 1344 2654 videtur
1358 2589 1555 2670 Ehrlichius,

503 2674 553 2739 'vir
567 2672 683 2738 doctus
697 2673 740 2738 de
755 2695 822 2762 quo
836 2695 943 2760 supra,
956 2675 1011 2761 qui
1026 2696 1101 2739 cum
1117 2696 1262 2740 assensus
1278 2676 1443 2741 Feterlino
1458 2690 1556 2756 esset,

489 2758 689 2849 ’Symbolum
712 2760 776 2824 hoc
796 2772 829 2825 et
850 2759 1018 2827 Motlterno
1033 2759 1273 2841 Antiochenam,
1290 2762 1380 2912 qpod
1398 2762 1484 2827 Cleri
1505 2765 1557 2828 af·

505 2846 569 2911 fert
595 2847 797 2926 contestatio,
825 2869 885 2933 pro
909 2869 975 2912 uno
998 2861 1097 2934 atque
1119 2847 1234 2912 eodem
1260 2848 1303 2913 ba
1326 2849 1447 2914 endum
1472 2872 1557 2930 esse,

505 2931 604 3032 idque
625 2932 666 2995 ad
690 2932 864 2996 concilium
887 2945 1000 2996 contra
1019 2935 1266 2999 Samosatenum
1287 2935 1434 3000 habitum
1457 2939 1555 3000 attri-

504 3015 588 3095 buit,
605 3016 666 3081 sibi
682 3039 779 3104 porro
794 3040 828 3082 se
841 3018 1038 3106 persuasisse
1053 3019 1110 3099 ait,
1121 3042 1231 3085 vocem
1248 3020 1378 3101 ὁμοέτνον
1391 3021 1482 3086 initio
1496 3045 1554 3086 ac-

504 3115 615 3168 curate
631 3104 818 3190 exposuisse
836 3119 942 3193 patres
961 3105 1185 3170 Antiochenos
1206 3109 1450 3194 expositamque
1465 3130 1554 3172 asse-

503 3189 619 3269 ruisse,
633 3201 747 3276 postea
762 3206 938 3270 tamen,.ne
996 3188 1107 3256 rversa'
1128 3192 1217 3257 Pauli
1238 3195 1439 3279 expositione
1453 3195 1553 3261 animi

503 3275 674 3342 hominum
689 3275 953 3355 imbuerentur‚a
990 3277 1045 3342 illa
1060 3277 1287 3342 abstinendum
1302 3279 1441 3344 duxisse.
1474 3281 1552 3347 Vid.

502 3363 588 3429 Not.
603 3362 674 3448 ejus
695 3362 734 3426 ad
748 3362 884 3427 Dissert.
901 3364 951 3427 De
964 3362 1133 3427 Erroribus
1145 3363 1240 3428 Pauli
1257 3365 1377 3429 Samos.
1392 3368 1423 3450 ξ.
1435 3384 1466 3445 9.
1505 3370 1553 3433 At

502 3470 578 3514 vero
593 3450 789 3535 conjecturae
804 3449 945 3536 alioquin
964 3465 1068 3514 acutae
1088 3448 1151 3513 hoc
1171 3451 1290 3536 opponi
1311 3470 1406 3536 posse
1425 3466 1551 3538 putem,

502 3554 665 3620 nusquam
677 3534 753 3598 alibi
764 3555 915 3620 apparere
925 3550 1015 3600 extra
1027 3536 1110 3599 hane
1124 3536 1296 3600 formulam
1310 3551 1367 3602 aut
1377 3539 1481 3603 volam
1496 3555 1553 3604 aut

503 3621 677 3706 vestigium
694 3620 896 3685 admissionis
911 3620 1009 3708 hujus
1023 3622 1183 3700 vocabuli,
1195 3623 1284 3708 quod
1299 3624 1485 3688 testimonia
1502 3627 1551 3689 di-

501 3719 589 3770 serta
603 3706 743 3793 probant
756 3709 797 3771 ab
814 3708 926 3771 iisdem
941 3709 1086 3795 patribus
1099 3709 1199 3772 fuisse
1215 3710 1383 3796 rejectum.
1423 3713 1551 3776 Interea

502 3793 637 3857 eandem
662 3792 848 3871 formulam,
874 3793 916 3858 de
940 3817 1004 3894 qua
1030 3808 1081 3859 tot
1106 3794 1243 3858 dicenda
1265 3810 1365 3874 erant,
1386 3820 1452 3860 non
1475 3821 1552 3883 gra-

501 3878 613 3956 vabor,
629 3900 702 3942 cum
720 3877 807 3943 haud
822 3878 867 3942 ita
882 3881 976 3944 obvia
990 3880 1044 3956 sit,
1060 3894 1131 3944 tum
1152 3903 1227 3945 vero
1249 3904 1268 3945 a
1290 3883 1453 3947 nonnullis
1475 3885 1551 3948 huic

503 3965 639 4052 Synodo
665 3964 826 4050 adscripta
851 3966 961 4045 fuerit,
986 3989 1005 4030 e
1030 3965 1237 4032 Corniliorurn
1259 3970 1357 4032 tomis
1384 3984 1550 4056 sumptam
1603 3965 1607 3972 ’

502 4049 567 4118 hoc
583 4051 657 4114 loco
672 4051 824 4136 proferre.

544 4137 617 4224 ssepi
640 4142 689 4212 τῆς
712 4138 935 4224 ἒνανθςωπῆσεως
959 4144 1007 4203 τοῦ
1028 4144 1104 4213 (beuti
1127 4138 1222 4224 Λόγου
1247 4140 1307 4203 810.
1333 4152 1368 4204 ut
1391 4163 1487 4228 supra
1508 4142 1550 4207 ad

500 4240 579 4313 pag.
591 4222 846 4287 antecedentem.

541 4313 754 4392 Ὁμολογοῦμεν
767 4309 814 4372 τὸν
828 4307 929 4396 Κύρνον
942 4316 1017 4392 ἡμῶν
1036 4312 1132 4389 'lautis
1147 4313 1262 4394 Χρνςὸν,
1277 4314 1324 4374 τὸν
1339 4316 1371 4375 ἐκ
1384 4317 1422 4375 rai
1437 4317 1549 4400 τεατρὸς

501 4400 578 4459 κατὰ
595 4403 710 4478 πνεῦμα
725 4395 784 4481 πρὸ
798 4394 901 4458 αἰώνων
915 4397 1084 4480 γεννηθένὸα,
1098 4400 1139 4459 ἐπ’
1154 4398 1261 4484 {pirou
1279 4397 1335 4479 (ul.
1353 4399 1477 4483 ἐχᾶταν)
1494 4411 1549 4464 τῶν

497 4488 604 4567 ἡμερῶν
621 4486 651 4544 ὲκ
667 4480 811 4566 παρθένον
832 4487 908 4544 κατὰ
929 4482 1024 4568 σάρκα
1044 4484 1196 4570 τεχθέντα,
1211 4483 1239 4546 ἓν
1253 4485 1403 4567 πρόσωπον
1416 4487 1549 4549 σύνθετον

499 4571 533 4630 ἐκ
552 4566 679 4644 θεότητος
701 4566 798 4652 ἐρανὸν
822 4565 868 4645 κα)
890 4569 1060 4652 ἀνθρωπείας
1080 4571 1196 4653 σαρκὸς,
1211 4572 1260 4633 καὶ
1275 4573 1348 4632 καθὸ
1363 4569 1505 4654 ἄνθρωπος
1518 4574 1548 4635 ἓν

502 4650 560 4736 (al.
574 4653 622 4720 uoti
637 4657 716 4715 καθα
735 4652 885 4738 πρόσωπον
901 4655 940 4731 ἓν,
954 4651 1106 4762 ἄνθίατος·
1129 4654 1208 4730 ἴσως.
1238 4658 1285 4718 καὶ
1306 4659 1377 4719 καθὸ
1399 4660 1485 4736 Θεὸς,
1501 4685 1548 4736 aar

495 4740 572 4804 ’καθὸ
585 4735 726 4826 ἄνθρωπος
740 4738 890 4828 πράττετον
904 4739 944 4827 ἓν)
962 4739 984 4825 ’l
999 4754 1062 4804 νλνν
1076 4741 1162 4821 Θεὸν,
1181 4742 1203 4828 a}
1225 4740 1286 4806 ὸλον
1308 4740 1461 4831 ἄνθςτντον·
1484 4742 1550 4808 ἕλον
