4092 5675
709 762 785 831 ἸΝ
805 760 1030 830 AFRICANI
1054 759 1311 828 CHRONICA.
1481 779 1543 852 253

497 935 562 1004 bet
575 933 716 1024 Synealli
733 945 837 1002 textus
853 934 1021 1013 Gorsium,
1034 933 1091 999 ubi
1105 932 1146 999 sd
1156 956 1259 1023 marg.
1273 930 1416 1019 positum
1428 945 1488 1014 est,
1500 937 1544 998 ἐπὶ

496 1027 558 1088 τόν
569 1021 677 1108 χρόνων
691 1023 893 1110 καμπαδέςερον
908 1027 1099 1109 φλυαροῦντες.

547 1109 584 1172 Ρ.
599 1121 666 1173 131.
681 1109 705 1173 l.
719 1124 766 1173 11.
788 1108 821 1185 ἅς
842 1136 911 1184 τινες
932 1114 985 1172 τῶν
1007 1115 1101 1172 ταῦτα
1114 1104 1230 1191 αἰκριέῦν
1244 1105 1378 1184 δοξάντων
1391 1104 1544 1180 συςέλλον-

497 1219 548 1269 τις
584 1192 708 1260 Confer
730 1194 867 1283 Syncell.
890 1194 930 1259 ad
951 1216 1029 1281 pag.
1047 1207 1093 1258 18.
1136 1194 1180 1257 Et
1202 1214 1344 1256 narrasse
1365 1192 1444 1257 olim
1465 1216 1546 1258 non-

499 1302 526 1344 ιι
576 1301 614 1344 os
627 1302 753 1345 annum
778 1282 845 1346 anti
869 1280 1035 1346 uissimum
1052 1280 1094 1343 AE
1143 1278 1218 1365 ptiis
1236 1279 1331 1343 unius
1349 1292 1475 1344 tantum
1492 1280 1545 1345 fu·

501 1365 569 1430 isse
583 1367 714 1446 mensis,
726 1388 767 1431 ex
780 1305 929 1432 Diodoro
942 1366 1064 1445 Siculo,
1080 1367 1105 1429 P
1118 1366 1195 1445 nio,
1211 1367 1367 1445 Varrone,
1384 1365 1497 1431 Proclo
1512 1366 1546 1430 in

504 1451 663 1518 Timaeum
677 1451 832 1532 Platonis,
848 1452 989 1519 ostendit
1009 1452 1055 1516 vir
1075 1450 1281 1517 doctissimus
1295 1452 1438 1516 Jacobus
1458 1452 1546 1517 Peri-

503 1537 621 1602 zonius
636 1539 775 1627 AEgypt.
795 1539 884 1626 Orig.
895 1560 966 1624 cap.
979 1538 1012 1602 ii.
1029 1560 1062 1623 p.
1074 1552 1123 1602 κο.
1141 1537 1202 1602 &e
1234 1536 1391 1601 Conferas
1407 1560 1455 1615 ea,
1471 1560 1546 1624 quae
1611 1550 1620 1573 *

503 1623 646 1689 breviter
659 1625 700 1689 de
715 1627 854 1690 numeris
868 1647 906 1690 ac
920 1624 1061 1711 periodis
1072 1623 1307 1710 AEgyptiorum
1322 1637 1356 1687 et
1371 1623 1545 1688 Chaldaeo-

502 1731 580 1774 rum
602 1712 883 1797 praestantissimus
907 1710 1095 1775 Pearsonius
1117 1710 1281 1774 annotavit
1301 1709 1343 1773 ad
1363 1710 1545 1796 Expositio·

501 1817 575 1860 nem
588 1818 682 1860 suam
698 1797 848 1882 Synhali,
863 1798 967 1861 Artic.
983 1797 1010 1860 Ι.
1027 1818 1059 1882 p.
1074 1812 1124 1874 59.

548 1881 634 1946 Ibid.
650 1882 674 1947 l.
693 1896 740 1946 14.
764 1889 788 1947 oi
800 1888 887 1971 παρὰ
901 1883 1048 1946 Πλάτωνα
1065 1886 1140 1968 ἱερεῖς
1153 1886 1189 1957 εἷς
1205 1880 1324 1949 Σόλωνα
1340 1882 1414 1967 &c.]
1436 1883 1545 1946 Locus

501 1977 555 2032 est
567 1967 603 2032 in
617 1967 736 2033 Timceo
754 1968 906 2034 Platonis
935 1974 992 2045 Τῆς
1009 1969 1037 2031 δὲ
1056 1969 1150 2032 ἐνθάδε
1171 1968 1377 2050 διακοσμήσεως
1395 1971 1467 2053 παρ’
1482 1972 1545 2050 ἡμῖν

504 2051 561 2136 (de
574 2054 723 2142 AEgypto
738 2077 798 2120 suo
813 2055 995 2120 sacerdotes
1007 2055 1077 2119 haec
1090 2053 1215 2119 tradere
1230 2054 1421 2119 Atheniensi
1433 2053 1549 2118 Soloni

502 2137 670 2224 dicuntur)
689 2144 715 2205 ir
728 2146 784 2217 τοῖς
800 2147 875 2227 ἱεροῖς
890 2141 1058 2228 γράμμασιν
1081 2140 1194 2215 ὀκτάκις
1214 2140 1318 2249 χιλίαν
1341 2144 1408 2202 ἐτῶν
1429 2142 1546 2227 ἀριθμὸς

501 2225 670 2313 γὸγραπῖαι,
681 2228 740 2313 περὶ
755 2229 782 2290 δὲ
797 2235 851 2290 τῶν
865 2225 1061 2312 ἐννακισχιλῖα
1075 2226 1120 2302 ἔση
1135 2251 1290 2312 γεγονοτων
1304 2230 1424 2289 πολιτῶν
1438 2250 1482 2286 σοι
1499 2228 1546 2301 δη-

502 2311 591 2378 Miro
613 2314 658 2376 διαὶ
678 2314 821 2399 βραχέων,
843 2314 937 2395 νόμους
958 2338 1000 2390 τε,
1015 2313 1063 2375 καὶ
1084 2320 1139 2375 τῶν
1158 2312 1246 2399 ἔργων
1266 2314 1359 2385 αὐτοῖς
1376 2309 1390 2373 δ
1411 2310 1547 2382 καλλιςιν

503 2397 650 2496 &pix-rr.
671 2419 704 2484 p.
715 2412 765 2463 23.
782 2398 834 2462 ed.
852 2401 898 2463 H.
916 2396 1028 2484 Steph.

532 2482 635 2546 ¹Ibid.
654 2483 678 2548 l.
696 2496 742 2560 17.
771 2485 817 2547 τδν
840 2490 894 2547 τῶν
917 2482 1131 2566 τεσσαράκοντα
1156 2479 1228 2547 insol
1251 2481 1402 2569 μυριάδων]
1427 2480 1548 2546 Omisit

504 2567 653 2654 Scaliger
671 2569 769 2634 verba
788 2576 842 2633 τῶν
867 2571 1080 2656 τεσσαράκοντα
1103 2566 1186 2646 ὀκτὼ,
1208 2567 1265 2634 sed
1289 2568 1465 2634 correctius
1493 2567 1547 2632 ille

492 2676 605 2741 -qnam
621 2655 784 2742 Syncellas
801 2657 956 2721 Guarinus
973 2659 1019 2720 τὸν
1039 2677 1098 2741 pro
1112 2656 1144 2718 τὸ
1160 2654 1279 2733 habet3
1303 2670 1336 2721 et
1356 2676 1469 2720 vocem
1490 2652 1545 2736 μύ-

503 2745 562 2805 θων
576 2755 654 2826 post
666 2742 817 2805 Χαλδαίαν
832 2742 960 2830 adjecit.

550 2825 738 2892 lbid.l.1s:
763 2828 793 2891 σι’
817 2830 856 2892 δεῖ
883 2830 929 2893 καὶ
955 2827 1064 2916 λέγειν]
1091 2825 1284 2893 Particulam
1309 2827 1358 2891 καὶ
1383 2848 1423 2891 ex
1446 2827 1547 2893 MSto

508 2912 652 3076 Syapelli
666 2913 838 2979 Porisiensi
852 2914 972 2980 addidi.
1008 2916 1114 3001 Supra
1139 2913 1284 3000 Scaliger
1308 2913 1408 2979 habet
1431 2915 1547 2978 καὶτὸν

528 3021 565 3063 ro
610 2999 667 3063 τόν.

503 3020 528 3087 P
549 3085 636 3149 Ibid.
657 3085 688 3148 τδ
705 3082 839 3149 ἀνέκαθεν
858 3085 1014 3171 γεγονότες,
1029 3087 1083 3150 ἀπὸ
1103 3082 1238 3171 Ἀδρααδμ
1257 3084 1416 3235 ἀρξᾶμιιοὲ]
1436 3086 1547 3149 Habet

506 3169 637 3235 Goarus
651 3169 694 3235 ad
708 3193 810 3258 marg.
827 3172 882 3236 sed
897 3173 1001 3237 minus
1016 3172 1109 3251 bene,
1124 3171 1269 3258 γεγονότες
1283 3172 1337 3235 ἀπὸ
1351 3173 1390 3235 Ἀ

504 3254 640 3323 drino-Str
653 3257 812 3342 ἀρξάμενοι.

549 3342 586 3405 Ρ.
603 3356 670 3406 132.
685 3342 707 3406 l.
719 3357 749 3405 2.
773 3341 848 3424 perri
860 3350 897 3406 ssi
912 3342 1034 3427 ἀληθὲς]
1053 3339 1198 3428 Legend.
1214 3339 1339 3426 opinor,
1355 3342 1432 3402 rard
1445 3345 1482 3404 τὲ
1496 3347 1547 3406 αἰλ.

549 3426 636 3492 Ibid.
650 3427 674 3492 l.
686 3435 716 3492 6.
739 3428 987 3516 παραδεδώκασιν]
1012 3429 1165 3514 Sequitur
1186 3425 1271 3512 apud
1295 3424 1474 3511 Syncellarn
1500 3428 1546 3491 la-

507 3514 667 3578 terculum
689 3514 802 3578 decern
824 3537 940 3600 regum
962 3513 1229 3601 Babyloniorum,
1250 3511 1339 3598 quod
1361 3511 1490 3597 quidem
1515 3515 1549 3577 in

508 3599 652 3664 Africani
667 3599 825 3664 Chronicis
840 3602 919 3664 olim
935 3601 1077 3665 extitisse
1091 3599 1148 3666 viri
1163 3598 1251 3663 docti
1266 3597 1397 3685 quidam
1412 3599 1547 3683 opinan-

509 3699 584 3765 tur3
607 3707 714 3772 neque
740 3710 814 3751 vero
837 3686 870 3749 id
891 3709 953 3835 pro
976 3701 1066 3752 certo
1092 3683 1299 3750 statuendum
1323 3706 1392 3747 esse
1411 3685 1549 3762 videtur,

509 3790 584 3835 cum
606 3771 749 3857 potuerit
773 3773 889 3860 Syncel
905 3796 941 3837 us
965 3773 1033 3859 ipse
1053 3795 1092 3836 ex
1114 3770 1289 3858 Abyden0,
1312 3793 1409 3856 quem
1431 3772 1551 3856 saepius

510 3858 654 3938 adduxit,
667 3858 716 3923 vel
730 3858 870 3937 aliunde,
883 3858 963 3923 illud
976 3858 1176 3945 depromere.
1201 3856 1301 3920 Cons.
1313 3878 1346 3942 p.
1358 3871 1408 3921 38.
1423 3858 1548 3943 Synoal.

994 4114 1056 4179 XI.

550 4285 638 4355 Ibid.
665 4286 759 4352 1.13.
789 4286 1005 4352 Drnnsrrrn
1031 4286 1247 4369 AEorrrna]
1274 4285 1391 4384 Magni
1418 4308 1550 4372 prorsus

510 4369 665 4439 habendae
688 4385 796 4437 essent
819 4394 933 4457 regurn
956 4371 1189 4468 AEgyptiorum
1212 4371 1486 4457 Dynast1ae‚quae
1509 4394 1549 4435 ex

509 4456 643 4526 historia
663 4459 873 4524 Manethonis
897 4457 1071 4521 sacerdotrs
1088 4456 1238 4541 AEgyptii
1252 4456 1293 4520 ab
1314 4457 1466 4520 Africano
1481 4457 1550 4520 Eu·

509 4548 665 4633 sebioque
688 4545 766 4609 olim
790 4544 934 4607 collectae
958 4555 1043 4620 sunt,
1059 4539 1085 4603 si
1107 4556 1163 4603 aut
1185 4557 1280 4604 certae
1302 4540 1373 4604 fidei
1395 4540 1465 4604 illas
1479 4563 1549 4605 esse

510 4632 650 4696 sinerent
672 4644 863 4717 argumenta
886 4650 925 4691 ex
948 4627 1024 4713 ipsis
1047 4625 1214 4711 Dynastiis
1237 4626 1384 4710 petenda,
1400 4638 1456 4690 aut
1474 4628 1550 4691 satis

511 4719 576 4783 tani
591 4730 795 4804 superessent
810 4713 936 4778 numeri
951 4734 1026 4776 cum
1042 4712 1074 4774 in
1090 4710 1290 4796 singulorum
1314 4733 1429 4796 regum
1448 4713 1551 4792 annis,

1409 3173 1499 3258 gaaip,
1514 3175 1550 3234 ri
1652 3176 1658 3185 ’
