4092 5675
656 751 709 822 nr
730 750 954 820 Ararcnnr
978 753 1234 821 0111011101.
1404 777 1464 846 ³43

423 924 523 993 fuerit
537 924 580 991 A.
594 925 645 990 Μ.
664 939 752 1004 1474,
767 948 830 990 non
850 938 935 990 1454.
972 927 1095 990 Verum
1114 927 1155 991 ad
1174 948 1248 1014 pag.
1263 925 1350 991 illam
1365 943 1415 1008 20,
1431 944 1465 996 et

421 1014 467 1077 ad
486 1036 521 1100 p.
537 1027 588 1077 53.
608 1012 778 1099 Syncellus
799 1034 858 1097 pro
881 1012 1020 1075 numeris
1041 1011 1117 1096 pffg'.
1140 1036 1222 1099 quos
1243 1012 1276 1079 in
1298 1013 1463 1081 codicibus

420 1098 490 1163 suis
515 1105 569 1162 τῶν
593 1097 627 1162 o'.
652 1121 717 1162 non
742 1110 852 1161 autem
873 1096 957 1184 2⁷13st
981 1098 1111 1177 invenit,
1136 1113 1250 1163 contra
1273 1099 1463 1167 Africanum

419 1197 550 1271 pugnat
558 1207 569 1263 3
584 1183 705 1248 variant
716 1184 801 1247 enim
817 1183 858 1247 de
873 1183 934 1247 hac
949 1206 983 1246 re
997 1183 1112 1247 horum
1130 1185 1338 1272 interpretum
1354 1208 1462 1252 exem-

418 1269 525 1355 plaria
550 1292 626 1334 cum
651 1268 737 1333 edita
760 1284 831 1333 tum
858 1269 1086 1354 manuscripta.
1129 1270 1275 1356 Antiqua
1298 1284 1406 1335 autern
1429 1287 1463 1340 et

417 1355 558 1420 celebris
572 1368 622 1420 est
636 1354 774 1442 quaestio
789 1354 829 1418 de
845 1353 1041 1419 Mathusalae
1058 1354 1159 1431 annis,
1171 1378 1268 1441 qnam
1284 1356 1329 1419 ita
1342 1378 1463 1445 propo-

417 1440 486 1504 suit
509 1441 654 1526 Scaliger
674 1440 749 1504 loco
772 1439 871 1504 modo
891 1454 1083 1504 memorato.
1120 1441 1208 1504 “Ab
1224 1442 1331 1505 Adam
1347 1442 1388 1506 ad
1404 1467 1460 1509 na-

419 1531 444 1564 “
457 1538 529 1590 tum
547 1525 745 1604 Mathusala,
761 1526 938 1590 secundum
954 1526 1129 1590 editionem
1148 1528 1256 1590 LXX.
1277 1528 1458 1608 Seniorum,

417 1611 658 1697 “colliguntur
676 1612 751 1675 anni
774 1623 860 1687 1287.
899 1611 1066 1675 Accedant
1085 1610 1159 1675 anni
1178 1612 1250 1676 vitae
1272 1614 1461 1680 Mathusala

418 1701 442 1735 “
455 1704 528 1775 969.
545 1710 787 1784 componuntur
801 1696 874 1761 anni
889 1704 978 1761 2256.
1008 1698 1061 1762 De
1076 1698 1193 1783 quibus
1209 1698 1354 1763 deductis
1369 1702 1459 1764 annis

415 1787 442 1821 “
454 1783 499 1846 ab
519 1783 629 1848 Adam
654 1783 696 1847 ad
721 1783 875 1847 diluvium
900 1797 989 1861 2242,
1016 1799 1185 1868 supersunt
1206 1784 1279 1847 anni
1305 1799 1352 1863 14,
1377 1809 1459 1872 quos

414 1874 441 1907 “
453 1882 531 1954 post
547 1869 703 1933 diluvium
719 1868 830 1933 vixerit
845 1869 1041 1933 Mathusala.
1072 1869 1171 1956 Quod
1186 1883 1235 1934 est
1249 1871 1458 1937 absurdum.''

414 1973 449 2039 p.
464 1967 539 2020 405.
555 1957 730 2020 Notarum.
775 1956 858 2018 Haec
880 1954 1043 2040 Scaliger3
1066 1972 1164 2041 atque
1178 1955 1298 2019 idcirco
1313 1957 1458 2044 plerique

413 2059 531 2103 omnes
546 2040 682 2105 breviori
697 2042 803 2104 favent
818 2040 1039 2125 chronologiae
1061 2042 1286 2120 Hebraeorum,
1301 2066 1364 2128 qua
1377 2044 1457 2109 vite-

412 2124 554 2190 turhaec
569 2126 750 2191 difficultas.
794 2127 948 2189 Attamen
973 2126 1077 2189 eidem
1101 2127 1265 2202 ἐναντιότητι
1289 2128 1457 2195 medentur

413 2212 583 2276 sententiae
594 2212 739 2276 Africani
754 2226 851 2297 atquc
868 2212 1010 2290 Eusebii,
1023 2212 1083 2274 etsi
1097 2212 1226 2274 diversis
1238 2213 1294 2276 viis
1306 2214 1456 2278 inceden-

412 2296 509 2361 tium.
554 2299 635 2362 Rem
650 2320 723 2361 vero
739 2298 862 2382 optime
882 2299 1031 2381 exposuit
1050 2297 1094 2360 vir
1115 2295 1155 2360 cl.
1173 2297 1394 2384 Hieronymus
1416 2301 1457 2364 de

414 2383 513 2447 Prato
524 2381 558 2445 in
573 2384 709 2447 Dissert.
724 2384 776 2446 cui
789 2383 840 2446 tit.
853 2384 904 2445 De
916 2382 1073 2446 Claronz'cis
1086 2381 1190 2445 Libris
1203 2383 1329 2447 Duobus
1340 2386 1377 2448 at
1388 2387 1457 2449 Eu-

412 2467 497 2532 sebio
514 2468 699 2533 Coesoriensz'
714 2468 839 2552 scriptis
852 2480 883 2531 et
898 2468 1012 2546 eduin·
1035 2470 1173 2533 Veronae
1193 2482 1277 2545 1750.
1322 2476 1343 2508 “
1357 2472 1454 2535 Pleri-

412 2559 438 2592 “
452 2575 517 2639 que
531 2576 569 2618 ac
584 2554 765 2640 pervulgati
780 2554 929 2618 codices’'
946 2558 1010 2637 (τῶν
1022 2555 1128 2618 LXX.
1145 2554 1298 2640 intelligit
1311 2556 1363 2619 De
1380 2559 1455 2621 Pra-

412 2650 451 2703 to
482 2647 507 2677 “
519 2662 621 2704 annos
636 2641 831 2703 Mathusalae
847 2653 920 2702 ante
935 2640 1177 2725 generationem
1197 2648 1262 2716 167.
1279 2656 1351 2728 post
1366 2643 1454 2708 illam

413 2731 437 2764 “
452 2738 522 2790 802.
536 2726 730 2790 tribuebant.
747 2740 780 2789 at
794 2726 864 2804 hpc
878 2727 1079 2810 computatio
1095 2725 1223 2789 delendi
1239 2750 1301 2790 non
1318 2744 1454 2813 poterat,
1555 2722 1564 2735 ⁵

412 2816 448 2881 “,
475 2811 531 2877 uin
551 2811 710 2876 diceretur
730 2834 804 2875 eum
827 2811 1109 2875 1410115111011
1132 2814 1335 2898 superstitem
1357 2816 1455 2882 fuisse

412 2834 584 2962 “diluvio
613 2898 773 2962 Nonnulli
787 2898 926 2974 codices,
944 2920 1024 2982 quos
1039 2897 1210 2961 Africanus
1225 2914 1379 2986 sequutus
1394 2920 1453 2982 est,

410 2988 435 3022 “
448 3004 553 3047 annos
572 2997 638 3058 187.
655 2997 728 3047 ante
740 2984 993 3068 generationem,
1010 2997 1044 3047 at
1057 2997 1125 3058 782.
1141 2997 1216 3069 post
1236 2986 1325 3049 illam
1348 2988 1453 3053 eidem

410 3074 435 3109 “
448 3068 656 3133 tribuebant:
684 3091 724 3132 ex
746 3093 811 3154 quo
833 3082 990 3154 computo
1013 3070 1217 3154 sequebatur,
1239 3083 1276 3134 ut
1297 3072 1453 3139 diluvium

410 3160 436 3199 “
447 3164 535 3219 auno
556 3153 689 3218 demum
711 3155 751 3218 ab
772 3155 813 3220 Ο.
829 3155 869 3218 C.
888 3163 977 3218 2262.
993 3155 1155 3233 acciderit,
1172 3179 1225 3218 sex
1244 3180 1360 3243 nempe
1380 3173 1454 3244 post

409 3245 616 3306 “mortuum
639 3240 860 3304 Mathusalem
880 3243 980 3303 aruris.
1016 3242 1069 3303 De
1085 3241 1270 3325 hujusmodi
1287 3245 1452 3310 codicibus

409 3331 433 3364 “
448 3326 620 3412 Syncellus
635 3326 746 3389 scribit
759 3348 833 3410 pag.
847 3340 895 3388 83.
908 3348 963 3388 cos
977 3347 1062 3388 roras
1077 3325 1205 3410 necstdc
1216 3327 1326 3412 dignos
1337 3329 1451 3394 fuisse:

408 3417 433 3451 “
446 3412 487 3475 Ὁ
500 3410 594 3494 μέντοι
615 3413 779 3498 Ἀφρικανὸς
792 3409 894 3497 Ιβσξὲἦ
912 3409 1088 3494 ἑπελογῖσαῖο
1103 3417 1134 3473 ἐκ
1148 3418 1225 3474 τινῶν
1238 3412 1359 3476 σπανίων
1374 3422 1451 3478 ἀντι-

408 3502 433 3536 “
446 3497 563 3582 γράφων
577 3495 646 3560 οὕτω
661 3496 861 3582 περιέχοντων,
876 3496 912 3569 οἷς
927 3501 956 3558 οὐ
968 3500 1026 3582 χρὴ
1041 3495 1202 3574 anei-bebai:
1224 3521 1264 3561 ex
1278 3499 1327 3561 his
1343 3514 1451 3566 tamen

407 3583 617 3647 “codicibus
633 3599 777 3667 superest
792 3583 897 3645 adbuc
913 3582 1148 3646 Alexandrinus
1163 3584 1401 3669 antiquissimus
1417 3604 1451 3652 et

405 3673 432 3708 “
446 3668 687 3746 celeberrimus,
705 3668 758 3730 cui
779 3669 874 3730 etiam
898 3669 1059 3731 consentit
1079 3668 1199 3732 Aldina
1222 3670 1333 3748 editio,
1351 3686 1449 3758 atque

405 3753 528 3818 “aliae.
556 3767 711 3840 praeterea
733 3754 804 3817 haec
827 3754 923 3816 lectio
947 3753 1122 3816 conformis
1146 3755 1278 3818 omnino
1305 3770 1354 3818 est
1379 3761 1449 3821 He·
1515 3777 1517 3780 ’

406 3845 430 3879 “
445 3840 557 3903 braico
573 3840 696 3902 textui:
720 3840 827 3923 itaque
846 3862 865 3900 a
885 3838 1030 3922 CapellO,
1054 3840 1217 3918 Pczronio,
1233 3854 1266 3903 et
1280 3841 1350 3905 aliis
1368 3867 1448 3908 non·

406 3925 544 3989 “nullis
567 3926 807 4000 recentioribus,
824 3923 880 4008 qui
902 3924 1062 3987 calculum
1086 3925 1273 3989 Graecorum
1296 3929 1447 3994 codicum

406 4016 430 4051 “
444 4025 505 4075 aut
517 4010 708 4086 edisserunt,
719 4024 775 4072 aut
789 4010 946 4093 potiorem
963 4009 1083 4073 habent
1101 4012 1274 4089 Hebraico,
1286 4017 1447 4099 approba·

406 4103 431 4136 “
443 4109 510 4160 tur.
556 4099 676 4159 Verum
704 4095 860 4158 Eusebius
891 4094 979 4157 inivit
1002 4096 1084 4158 viam
1109 4098 1280 4182 quamdam
1306 4101 1447 4166 mediam

406 4183 530 4246 “inter
550 4195 720 4266 utramque
740 4182 810 4265 jam
833 4203 1035 4260 expressam3
1059 4204 1131 4244 narn
1154 4183 1349 4248 Mathusalae
1372 4198 1449 4253 ante'

403 4267 591 4333 “Lamech
611 4281 722 4330 natum
738 4288 838 4329 annos
859 4272 923 4340 167.
939 4268 1065 4343 tribuit,
1075 4266 1169 4353 juxta
1184 4269 1313 4353 quidem
1333 4274 1446 4357 prioris

404 4359 429 4393 “
443 4354 572 4438 generis
588 4352 727 4430 codices,
743 4366 818 4434 post
832 4366 939 4414 autem
955 4375 1055 4416 annos
1071 4367 1140 4427 782.
1157 4352 1251 4437 juxta
1271 4357 1387 4420 alteros
1403 4360 1445 4422 ab

403 4439 601 4502 “Africano
622 4452 801 4522 usurpatos.
824 4458 861 4499 ex
878 4460 941 4522 qua
957 4439 1086 4524 quidem
1104 4439 1226 4502 ratione
1240 4444 1444 4526 sequebatur,

403 4531 426 4565 “
443 4537 481 4587 ut
495 4523 714 4588 Mathusalem
737 4544 791 4585 sex
809 4536 883 4584 ante
903 4522 1056 4587 diluvium
1077 4524 1173 4586 annis¹
1190 4526 1317 4601 obierit,
1332 4527 1444 4591 itidem

402 4615 426 4651 “
442 4622 480 4674 ut
494 4632 533 4673 ex
550 4622 707 4694 computo
723 4608 866 4671 Africani
879 4626 888 4685 ;
912 4609 1065 4672 diluvium
1088 4625 1198 4672 autem
1212 4631 1251 4672 ex
1266 4613 1444 4696 receptissi-

401 4702 426 4737 “
441 4718 497 4761 ma
506 4696 599 4783 apud
615 4695 748 4761 Graecos
763 4693 920 4760 sententia
932 4694 1080 4761 inciderit
1093 4694 1125 4759 in
1140 4717 1260 4763 annum
1275 4709 1363 4761 2242.
1396 4699 1444 4764 At
1530 4705 1533 4714 '

901 4799 924 4843 R
937 4793 956 4843 2
