4092 5675
512 762 689 835 ANNOT.
704 762 757 830 IN
778 761 813 843 β.
826 761 1049 842 GREGORII
1061 763 1270 850 NEOCAES.
1287 764 1347 833 &c
1389 786 1455 858 up,

409 938 474 1015 ossi
496 936 586 1010 baud
652 933 742 1004 rinde
764 955 805 1000 ac
832 934 1036 1023 cyprianicas
1061 934 1235 1018 nonnulle,
1260 950 1359 1027 atque
1381 940 1456 1009 alia

407 1030 490 1096 item
504 1025 610 1113 episto
622 1044 662 1101 ω,
673 1020 863 1096 auctoritate
875 1021 1012 1109 alicujus
1028 1022 1157 1088 concilii
1173 1023 1350 1105 fruebatur,
1363 1039 1402 1094 ut
1414 1050 1455 1103 ex

408 1112 552 1200 septimo
573 1129 698 1176 canons
717 1106 822 1195 polum
846 1120 906 1173 est.
949 1108 1083 1183 Monuit
1104 1122 1214 1187 autem
1236 1110 1453 1190 virolinum

407 1199 600 1270 Johnsonus
613 1194 656 1259 ad
668 1217 759 1261 suam
775 1192 962 1280 preclaram
977 1193 1152 1282 Anglicam
1166 1194 1285 1261 Codicis
1297 1198 1457 1272 Cononm

408 1283 566 1352 Ecclesiae
582 1280 749 1382 Synopsin,
762 1284 911 1358 κυκλικᾶς,
936 1281 1001 1346 sive
1019 1278 1173 1367 publicos,
1195 1280 1253 1348 has
1275 1283 1384 1349 literas
1402 1286 1456 1352 fu·

409 1370 520 1451 isses
534 1369 697 1456 Gregorio
711 1368 754 1432 ad
768 1366 915 1453 singulos
932 1381 967 1432 et
983 1388 1098 1432 omnes
1117 1367 1287 1455 provincio
1301 1392 1369 1435 suoe
1383 1372 1457 1458 epi.

410 1478 530 1545 scopos
551 1476 611 1541 per
630 1452 881 1540 Euphrosynurn
901 1454 1024 1532 missas,
1040 1474 1140 1541 quem
1153 1453 1187 1520 in
1201 1475 1325 1520 canone
1342 1458 1458 1543 quinto

414 1540 606 1630 suppletus,
621 1539 687 1606 sive
700 1538 857 1626 aqualem
871 1556 968 1608 suum
982 1553 1086 1606 vocat.
1127 1538 1392 1627 'Anneiaaniryn
1407 1544 1458 1608 in·
1532 1538 1534 1541 ’

412 1630 497 1717 quit,
510 1630 556 1693 rin
571 1628 687 1708 ἀδελφὸν
701 1627 723 1713 ιζ,
738 1624 915 1712 συγγέροντα
929 1625 1102 1714 Εὐφςόσυνον
1115 1626 1161 1691 iul
1173 1632 1266 1691 ταῦτα
1278 1629 1344 1715 πρὸς
1356 1633 1441 1711 ὑμᾶς.

456 1713 513 1779 Ad
535 1724 663 1799 tempus
685 1710 774 1799 quod
793 1712 910 1786 attinet
928 1710 1111 1799 scriptionis
1130 1711 1289 1799 epistolas,
1305 1714 1368 1780 etsi
1387 1716 1459 1781 Go.

411 1798 546 1868 thorum
567 1811 602 1862 et
621 1796 822 1864 Boradorum
838 1798 915 1876 sive,
928 1798 1065 1866 Zosimo
1079 1795 1167 1865 Hirr.
1182 1797 1238 1864 lib.
1251 1799 1279 1863 I.
1295 1820 1328 1885 p.
1339 1814 1389 1866 28.
1405 1800 1457 1873 etl,

412 1886 521 1952 oxon.
538 1883 733 1971 appellante,
746 1885 948 1949 Boranorum
963 1884 1099 1972 irruptio
1116 1882 1346 1970 imperantibus
1360 1887 1459 1955 Vale·

410 1970 505 2038 rinno
518 1983 553 2035 et
567 1969 717 2036 Gallieno
735 1970 822 2035 factu
841 1984 902 2051 est,
917 1984 1027 2036 tamen
1047 1970 1134 2037 illam
1152 1969 1194 2037 ad
1213 1970 1366 2040 ultimum
1384 1973 1458 2040 bar·

411 2056 567 2126 herorum
594 2078 757 2123 recessum
783 2071 892 2122 censet
918 2057 1024 2121 Basna
1049 2056 1097 2128 'us
1124 2055 1351 2123 retrahendam
1376 2080 1459 2139 esse,

401 2143 471 2231 ,qui
491 2166 576 2210 anno
596 2142 728 2208 demum
749 2141 871 2208 Christi
883 2149 953 2207 262.
973 2078 1113 2207 Gaffieni
1133 2155 1242 2207 autem
1261 2143 1362 2208 solius
1382 2166 1458 2232 reg·

412 2229 520 2295 nantis
542 2229 649 2310 tertio,
669 2228 819 2315 contigit.
853 2226 938 2296 Vide
960 2250 1035 2293 eum
1055 2228 1090 2294 in
1111 2226 1288 2294 Annalibus
1309 2228 1461 2295 Politioo·

411 2314 536 2381 metes.
551 2328 632 2380 torn.
646 2315 673 2380 Ι.
689 2314 731 2379 nd
744 2337 795 2382 an.
809 2326 878 2384 240.
895 2336 927 2401 p.
938 2328 1008 2380 328.
1030 2326 1063 2379 et
1081 2336 1132 2379 an.
1145 2321 1215 2382 262.
1232 2333 1265 2401 p.
1278 2321 1348 2380 406.
1393 2316 1458 2384 Res

412 2399 564 2467 indubio
579 2422 649 2466 esse
664 2400 745 2465 mihi
758 2400 896 2478 videtur,
910 2414 1082 2487 propterea
1095 2399 1184 2487 quod
1201 2400 1308 2487 plures
1322 2401 1361 2466 iis
1373 2413 1458 2468 tem.-

412 2485 548 2575 poribus
562 2487 656 2552 factae
671 2498 746 2551 sunt
764 2487 937 2551 earundem
956 2486 1104 2572 gentium
1122 2487 1155 2551 in
1173 2486 1286 2551 Asiam
1306 2486 1460 2573 irruptio·

413 2594 484 2652 nes,
498 2568 596 2660 atque
616 2595 656 2639 ex
676 2572 733 2638 illa
754 2572 924 2637 discessus.
967 2575 1073 2637 Lectu
1095 2585 1203 2637 autem
1226 2572 1326 2659 digna
1347 2587 1408 2651 est,
1422 2586 1461 2639 ut

412 2658 462 2724 ait
475 2658 521 2722 vir
535 2658 620 2723 idem
637 2658 678 2722 cl.
694 2658 765 2740 haec
779 2658 928 2745 epistola,
941 2679 981 2730 ex
994 2680 1060 2744 qua
1073 2657 1172 2723 cladis
1187 2680 1206 2721 a
1222 2658 1341 2723 Gothis
1360 2658 1460 2724 illatae

412 2744 609 2831 magnitudo
622 2743 823 2830 intelligitur.
848 2746 892 2808 Et
905 2744 998 2808 video
1013 2744 1166 2808 Orosium
1180 2743 1212 2808 in
1225 2742 1378 2809 Historiis
1388 2744 1462 2811 haec

413 2829 456 2897 tie
476 2829 666 2897 Gothorum
689 2830 864 2918 irruptione
886 2829 1079 2909 tradentem,
1102 2829 1241 2910 Gracia,
1257 2830 1460 2912 Macedonia,

411 2918 546 2995 Pontus,
557 2913 651 2994 Asia,
667 2915 838 2983 Gallorum
851 2916 1052 2983 inundatione
1063 2916 1216 2985 deenen
1239 2916 1329 2989 Hier.
1339 2918 1397 2985 lib.
1406 2919 1459 2987 vit

411 3023 448 3092 p.
458 3017 533 3077 518.
549 3002 601 3081 ed.
617 3005 831 3090 Havercamp.

459 3088 625 3155 Ceterum
646 3091 784 3167 monuit,
798 3088 856 3154 ubi
869 3111 976 3189 supra,
989 3089 1023 3155 in
1040 3089 1281 3175 prolegomenis
1296 3090 1362 3155 suis
1377 3090 1460 3155 Gal-

411 3173 553 3255 lundius‚
566 3173 621 3262 qui
636 3174 670 3239 in
684 3175 779 3240 tertio
794 3174 957 3240 volumine
970 3173 1175 3239 Bibliothecoe
1185 3177 1319 3240 Parrum
1331 3178 1364 3241 S.
1376 3178 1459 3248 Gre·
1520 3199 1523 3208 ·

413 3261 513 3348 gorii,
528 3284 602 3347 quae
617 3273 749 3339 restant,
765 3260 922 3348 opuscula
935 3260 1116 3338 collocavit,
1131 3281 1166 3324 se
1186 3260 1270 3325 hanc
1287 3260 1460 3346 epistolam

413 3368 480 3413 urta
499 3367 577 3412 cum
595 3345 793 3412 Bolsomonis
814 3355 845 3411 ct
866 3347 1003 3413 Zonoroe
1024 3345 1261 3419 Commentariis
1279 3346 1462 3413 exhibuisse

411 3452 456 3499 'ex
472 3432 621 3519 Synodico
635 3432 810 3520 Beoeregii,
826 3432 953 3507 collatis
974 3432 1105 3519 insuper
1125 3432 1322 3505 editionibus
1344 3432 1460 3498 Parisi-

411 3518 547 3585 snoibus
566 3518 939 3591 Balsamonisan.1620.
960 3532 993 3584 et
1013 3520 1151 3585 Zonarae
1168 3524 1254 3596 1622,
1275 3517 1317 3582 ad
1337 3519 1460 3595 calcem

411 3624 553 3691 operum
566 3603 813 3690 Thaumaturgi.
857 3605 906 3670 At
920 3626 961 3670 ne
975 3606 1072 3670 verbo
1086 3604 1219 3693 quidem
1231 3605 1338 3670 differt
1352 3617 1460 3670 textus

413 3689 652 3792 Beveregianus
675 3691 707 3756 in
728 3689 789 3755 hac
809 3690 941 3777 quidem
962 3690 1100 3779 epistola
1117 3714 1137 3756 a
1154 3689 1383 3756 Parisiensibus
1396 3690 1460 3765 illis

414 3775 613 3845 editionmus
624 3776 827 3843 Balsamonis
836 3779 1049 3864 Zonarseque.
1072 3779 1115 3842 Et
1123 3799 1199 3849 vero
1207 3776 1321 3842 melius
1330 3775 1460 3847 fecisset

409 3860 621 3942 Gallandius,
635 3863 663 3928 si
684 3885 702 3936 e
725 3861 832 3937 inroras,
848 3876 984 3940 textum,
1000 3861 1108 3959 qualis,
1124 3875 1213 3931 extat
1228 3863 1261 3927 in
1275 3862 1389 3929 eadem
1405 3862 1462 3928 illa

413 3945 516 4035 ipsius
531 3949 598 4014 Gre
624 3949 683 4014 orii
702 3885 940 4035 Plhaumnturgi
963 3948 1130 4021 Parisiensi
1145 3947 1297 4028 editione,
1312 3971 1377 4014 non
1389 3948 1461 4034 epi-

408 4032 536 4101 stolam
558 3970 671 4101 itidem
694 4036 830 4100 Zonarae
851 4035 1093 4103 commentariis
1112 4033 1263 4115 cinctam,
1284 4035 1462 4111 lectoribus

413 4118 484 4201 suis
510 4121 742 4205 proposuisset.
799 4120 981 4192 Contextus
1008 4121 1096 4185 enim
1124 4143 1143 4185 a
1169 4119 1315 4192 Gerardo
1344 4122 1462 4195 Vossio

414 4204 615 4272 Borchlonio
629 4229 715 4271 anno
734 4213 820 4271 1604.
841 4205 1027 4293 Moguntiae
1048 4228 1067 4274 e
1087 4205 1215 4271 duobus
1235 4205 1373 4292 scriptis,
1387 4209 1461 4272 No-

413 4310 599 4357 mocanone
620 4294 789 4358 Graeco-et
806 4292 903 4358 Card.
918 4291 1026 4357 Sirleti
1044 4292 1167 4372 codice,
1181 4292 1324 4377 primum
1343 4293 1462 4370 editus,

417 4375 536 4448 deinde
558 4377 591 4442 in
613 4378 718 4466 priore
736 4391 826 4466 parte
839 4378 1010 4444 voluminis
1024 4377 1103 4449 editi
1115 4399 1200 4442 anno
1216 4386 1303 4444 1622.
1321 4400 1342 4442 a
1362 4380 1463 4449 Fron·

417 4473 497 4528 tone
514 4464 641 4529 Ducaeo
657 4465 723 4530 fere
737 4486 770 4529 re
794 4465 902 4544 eritne,
917 4463 1118 4548 emendatior
1131 4462 1350 4540 videturesse,
1363 4485 1463 4549 quam

416 4548 557 4634 epistola
568 4550 681 4616 isthaec
696 4573 715 4616 a
738 4486 957 4616 udZonaram
971 4563 1082 4614 extans
1095 4561 1192 4649 atque
1205 4549 1292 4615 edita
1304 4548 1462 4613 Concilio.

415 4635 629 4722 Quapropter
645 4572 783 4704 eundem
803 4637 856 4702 hie
877 4637 1053 4703 sistendum
1069 4636 1147 4700 durn
1161 4657 1224 4720 ope
1240 4656 1354 4699 novem
1370 4635 1462 4699 codi-

417 4743 497 4789 cum
517 4721 725 4812 scriptorum,
744 4724 801 4814 qui
820 4723 854 4797 in
873 4722 1073 4819 bibliotheca
1092 4734 1256 4794 servantur
1275 4720 1462 4799 Bodleiano,
