4092 5675
614 801 677 850 axo
946 780 1305 848 ANNOTATIONES

617 949 725 1042 liquis,
739 960 774 1016 ut
793 950 990 1037 praemissum
1007 963 1063 1031 est,
1082 951 1268 1016 translatam
1281 961 1456 1017 asseverat:
1478 949 1644 1018 Danielem

616 1060 686 1102 vero
709 1060 746 1101 ac
769 1047 831 1101 tres
852 1052 961 1122 pueros
985 1036 1175 1187 castivitatis
1198 1038 1287 1123 injus
1312 1047 1482 1102 consortes.-
1517 1059 1645 1125 eumque

617 1122 771 1190 δοτοοιοιω
781 1123 939 1211 conjugem
952 1122 1013 1188 seri
1033 1123 1076 1188 it:
1099 1145 1154 1186 nee
1168 1122 1271 1187 aliena
1284 1134 1330 1189 est
1344 1146 1365 1188 a
1378 1121 1644 1188 veritatesevterv·

616 1208 674 1274 tia.
719 1208 892 1274 Susannam
917 1231 1035 1296 qvoqve
1058 1208 1192 1272 Cleelciae
1214 1207 1379 1297 pontificis,
1399 1208 1454 1296 qni
1478 1208 1535 1273 suli
1557 1207 1645 1274 Josia

617 1292 695 1383 legis
707 1292 821 1379 reperit
837 1292 962 1373 libram,
970 1293 1093 1380 filiove,
1108 1293 1276 1378 affirmaret.
1321 1292 1514 1358 Hieremiam
1531 1294 1644 1359 Susar-

616 1402 670 1445 nee
683 1379 826 1467 fratrem
847 1390 998 1459 asserant,
1019 1390 1051 1445 et
1071 1379 1190 1443 merito.
1225 1381 1281 1444 Ee
1302 1379 1345 1444 eis
1365 1394 1455 1464 perro
1476 1377 1643 1457 ιῙοοοοιὶοτο,

618 1466 705 1551 cvjvs
722 1463 845 1529 divinas
864 1487 939 1529 evan
963 1464 1055 1529 eliste
1068 1465 1247 1530 Matthaeus
1264 1464 1414 1544 meminit,
1427 1475 1539 1529 vatam
1558 1462 1643 1546 dicit,

618 1554 678 1617 &c
715 1551 779 1615 Sed
796 1571 899 1614 errare
914 1487 1122 1646 lippelytvm
1141 1550 1236 1616 docet
1257 1574 1315 1616 nos
1337 1550 1468 1616 illustris
1490 1549 1644 1636 Scaliger,

614 1639 649 1704 in
664 1634 798 1702 Emevd.
815 1633 1009 1715 Enseiiams,
1023 1658 1098 1722 pag.
1111 1649 1160 1700 80.
1177 1636 1255 1700 dum
1270 1659 1310 1701 ex
1322 1636 1484 1700 mensibus
1500 1635 1580 1700 facit
1592 1657 1643 1700 an-

614 1745 685 1803 nos,
699 1734 734 1787 et
753 1720 923 1786 Danielem
943 1743 1019 1785 oum
1041 1716 1201 1801 Joaoliim,
1222 1745 1286 1787 non
1309 1743 1382 1785 vero
1404 1743 1478 1785 curn
1497 1720 1645 1798 Joachin‚

615 1808 792 1874 abductum
805 1820 910 1893 putat,
924 1821 1036 1871 contra
1058 1807 1116 1871 SS.
1130 1806 1292 1873 literarum
1316 1806 1431 1871 fidem:
1455 1805 1553 1885 unde,
1568 1804 1645 1893 quid

615 1893 657 1959 de
669 1892 799 1980 reliquis
814 1893 855 1957 sit
869 1891 1081 1972 sentiendum,
1095 1892 1188 1957 facile
1202 1905 1251 1957 est
1260 1892 1418 1980 judicare.
1432 1894 1645 1957 Wussvsv.

659 1982 693 2045 P.
709 1992 775 2043 113.
790 1977 811 2042 l.
824 1992 854 2054 7.
878 1981 891 2040 i
909 1986 962 2041 τῶν
982 1975 1163 2041 Βαὸολωοῖωο
1176 1979 1323 2062 βασιλεὺς]
1340 1977 1524 2042 Articulum
1540 1984 1595 2042 τῶν
1608 1999 1646 2044 ex

615 2065 690 2135 edit.
705 2062 862 2129 Hasciel.
876 2076 909 2127 at
931 2085 973 2128 ue
986 2062 1063 2127 MS.
1081 2061 1159 2128 Geli.
1173 2063 1258 2128 Tria.
1273 2062 1483 2128 revocandum
1499 2085 1571 2128 esse
1586 2063 1646 2128 ob·

614 2154 692 2219 litus
708 2172 791 2215 sum.
825 2086 1032 2223 iBairtvivne
1051 2152 1090 2230 fi.
1111 2148 1168 2213 Ori
1190 2172 1259 2213 erres
1278 2148 1372 2213 verba
1392 2148 1541 2213 Africani
1561 2147 1646 2214 exci-

614 2252 698 2317 tans,
710 2236 767 2301 ubi
781 2247 888 2299 tamen
903 2234 980 2300 MS.
997 2233 1142 2323 Origevis
1186 2234 1248 2298 vdl.
1262 2232 1444 2299 Βαέολωνίων
1455 2233 1601 2316 exhibet.

659 2321 741 2389 lbid.
756 2321 779 2386 l.
789 2339 821 2399 9.
842 2318 924 2384 τόθεν
937 2319 1049 2398 τοιαύτη
1063 2320 1282 2406 οιοιτοίλοσος-οξ1
1295 2319 1457 2407 παράδεισος
1469 2321 1643 2406 dasanek]

615 2408 759 2497 Captivis
769 2407 789 2471 J
793 2405 890 2471 udaeis
905 2405 975 2469 haec
990 2405 1135 2493 praecipit
1145 2404 1299 2472 ieremias
1309 2426 1379 2513 cao.
1392 2405 1475 2470 xxix.
1485 2427 1609 2472 comm.
1618 2421 1646 2470 5.

614 2493 825 2577 Οἰκοδομῆτατο
838 2489 924 2565 οἴκους
938 2493 986 2555 καὶ
999 2493 1197 2570 amoeniam,
1211 2492 1259 2555 rui
1278 2509 1430 2573 φοττοοατε
1448 2492 1648 2575 παραδείσους,

615 2581 664 2646 καὶ
686 2579 791 2663 φάγετε
811 2577 873 2652 τοὺς
894 2578 1013 2676 καρποὺς
1033 2580 1133 2640 αὐτῶν.
1177 2578 1274 2641 Porro
1297 2575 1372 2639 huic
1390 2590 1585 2661 argumento
1600 2599 1648 2642 re-

615 2663 754 2754 spondet
785 2661 881 2725 rebus
912 2684 1004 2726 nixus
1032 2661 1181 2726 secundis
1209 2661 1390 2747 divitiisque
1418 2663 1646 2728 nonnullorum

615 2748 825 2837 captivorum,
841 2746 896 2833 qui
911 2746 944 2810 in
958 2746 1157 2834 Babylonica
1170 2746 1352 2834 captivitate
1365 2747 1497 2811 abducti
1512 2747 1647 2828 fuerent,

617 2835 785 2986 Orifienes,
801 2831 898 2920 idque
911 2830 1058 2897 feliciter.

661 2921 675 2984 l

701 2918 782 2990 id.‚l.
797 2933 843 2981 10.
863 2920 921 3003 arpi
935 2919 961 2980 ii
973 2915 1066 2981 τέτοον
1077 2918 1204 2982 ἁπάντων
1218 2920 1294 3002 &c.]
1307 2917 1529 2984 Hoeschelius:
1543 2918 1648 3007 apieii

615 3005 720 3080 τούτοις
733 3001 836 3067 ἅπασιν
850 3005 895 3080 ἥδε
908 3010 923 3081 ἡ
938 3008 1076 3091 ωερικοτὴ
1091 3005 1141 3066 σὺν
1154 3003 1251 3080 ἄλλοις
1265 3007 1324 3070 δυσὶ
1338 3009 1398 3080 ταῖς
1414 3006 1457 3067 iai
1471 3010 1511 3090 τῷ
1525 3005 1599 3069 rin
1611 3012 1649 3091 rvi

614 3095 692 3179 stapel
705 3099 758 3154 reis
770 3087 895 3152 'leiaiav
908 3088 1061 3176 εἰλημμέοῳ
1073 3093 1182 3168 Δανιὴλ
1196 3092 1234 3155 ἐκ
1249 3091 1402 3204 irviewr·
1423 3090 1649 3156 Wetstheniue

615 3180 675 3285 assi
692 3178 721 3241 ii
734 3175 836 3241 τούτων
850 3175 976 3239 ἁπάντων
988 3177 1034 3253 ἥδε
1055 3182 1070 3253 ἦ
1090 3181 1227 3263 aspirari
1242 3178 1291 3240 aiv
1305 3190 1403 3250 αλλοος
1416 3174 1460 3239 δύο
1475 3180 1537 3251 ταῖς
1555 3176 1600 3239 ἐπὶ
1611 3182 1650 3262 τῇ

615 3280 689 3329 reia
704 3271 757 3326 τῶν
770 3266 848 3347 παρὰ
861 3269 914 3326 τῶν
926 3260 1050 3325 ’leiaiwv
1062 3261 1230 3344 εἰλημμένων
1242 3268 1281 3324 Δ.
1293 3265 1342 3325 οὐκ
1357 3260 1425 3345 ivai
1443 3285 1512 3339 εταο.
1539 3260 1657 3327 Codex·

616 3351 665 3416 Re
691 3349 740 3413 'us
758 3360 796 3412 ut
815 3347 847 3412 iu
862 3360 972 3413 nostro
988 3360 1089 3412 textu.
1133 3348 1231 3411 Porro
1253 3348 1406 3411 Susannae
1426 3287 1598 3426 isistoriam
1618 3347 1650 3413 iu

616 3436 672 3501 He
696 3457 761 3498 raeo
785 3454 851 3497 non
875 3432 997 3511 haberi,
1023 3433 1056 3496 in
1082 3453 1233 3517 responso
1258 3432 1407 3497 concedit
1427 3431 1599 3517 Origenes,
1619 3445 1651 3498 et

616 3514 820 3586 tractatum.
835 3518 868 3582 in
882 3517 1089 3582 Matthaeum.
1128 3517 1182 3581 Usi
1197 3539 1301 3582 mvnvs
1314 3518 1347 3582 iv
1362 3516 1417 3581 Ιιοο
1429 3515 1492 3582 loco
1504 3516 1651 3583 Danielis

617 3603 768 3690 exemplo,
783 3624 843 3666 von
858 3601 1045 3687 ignorantes,
1061 3601 1206 3688 qvoniam
1227 3603 1261 3668 iv
1279 3602 1412 3669 Heiraee
1430 3603 1571 3687 positvm
1592 3626 1651 3669 aaa

617 3701 676 3771 est,
690 3686 903 3775 sedquoniam
924 3687 957 3751 iv
976 3687 1108 3752 ecclesiis
1123 3698 1253 3753 tenetur.
1296 3688 1520 3775 Hieronymus
1535 3688 1650 3776 saepius

616 3776 705 3844 idem
719 3773 870 3851 inculcat,
884 3785 917 3835 et
931 3771 1071 3837 maxime
1089 3773 1213 3838 Praefat.
1228 3774 1396 3861 Explanat.
1410 3772 1444 3837 in
1459 3774 1651 3840 Danielem:

618 3863 695 3942 Nos,
711 3858 825 3946 inquit,
846 3868 920 3921 ante
940 3880 1036 3922 annes
1054 3857 1215 3943 plurimos,
1237 3881 1306 3923 evm
1327 3869 1512 3924 verteremus
1530 3858 1651 3927 Danie-

619 3947 691 4024 lem,
707 3946 763 4011 lias
783 3942 912 4008 visiones
932 3943 1016 4007 oielv
1034 3944 1287 4028 praenotavimus,
1302 3943 1526 4033 significantes,
1545 3968 1599 4011 eas
1620 3944 1652 4027 irs

619 4031 771 4096 Hebraico
786 4051 846 4094 rava
860 4027 984 4093 iuberi:
1007 4040 1038 4093 et
1057 4030 1152 4093 miror
1165 4031 1313 4116 quosdam
1329 4030 1532 4117 μεμψιμοίροος
1545 4029 1652 4119 indig-

617 4114 690 4181 nari
703 4115 793 4193 milvi,
808 4113 898 4202 qnasi
917 4137 972 4201 ego
994 4113 1218 4179 decurtaverim
1233 4113 1441 4195 libramenta
1456 4127 1487 4180 et
1503 4114 1652 4204 Origenes

618 4212 650 4268 et
666 4199 829 4278 Eusebius,
844 4210 875 4264 et
886 4199 1113 4285 Apollinarivs,
1124 4199 1242 4288 aliique
1251 4200 1447 4266 eclesiastici
1461 4199 1523 4266 viri
1537 4212 1567 4267 et
1581 4201 1666 4266 doe·-

620 4298 701 4354 tores
717 4284 854 4350 Graeciae
876 4285 942 4365 las,
963 4296 999 4349 at
1020 4285 1098 4365 divi,
1121 4285 1249 4352 visiones
1269 4310 1330 4351 von
1352 4286 1457 4352 iaieri
1477 4286 1563 4436 <efud
1584 4286 1652 4353 He·

620 4373 718 4440 irreos
720 4370 903 4458 fateantur.
947 4371 1012 4437 Nec
1032 4370 1188 4439 redebere
1206 4373 1483 4458 respondererrp
1504 4371 1577 4459 yria
1594 4388 1652 4459 pro

620 4459 667 4524 iis
682 4480 755 4545 aare
768 4453 889 4521 vallam
911 4455 1083 4541 Seriptvroe
1103 4468 1221 4523 sancire
1242 4458 1457 4523 arroteritatem
1476 4457 1651 4542 proeieavt.

617 4543 704 4611 Vide
725 4540 870 4632 ejusdem
915 4541 1111 4607 raefationem
1133 4543 1166 4607 in
1187 4544 1362 4609 versionem
1383 4565 1474 4609 suam
1494 4543 1652 4609 Danielis.

616 4629 767 4714 Denique
792 4628 860 4714 ipse
884 4563 1040 4713 grigenes
1064 4627 1146 4693 infra
1167 4628 1201 4693 in
1225 4630 1409 4717 fragmento
1432 4629 1506 4694 libri
1533 4627 1653 4695 decimi

616 4727 808 4782 stromatum
821 4713 886 4785 aits
905 4712 1039 4801 Helrcei
1057 4713 1221 4800 reprobant
1237 4714 1405 4783 historiam
1422 4715 1591 4795 Susanna,
1604 4713 1654 4783 di·
